2969 4676
1396 326 1477 441 1³

428 506 740 591 quoddam
785 505 995 571 vocari
1040 507 1384 591 Διαγόρας,
1432 506 1599 591 quod
1643 480 1939 571 homines.
1970 526 2088 591 per
2112 507 2319 573 forum
2350 508 2449 574 in-

426 620 785 703 gredientes
836 617 882 685 J
882 619 1106 686 aehum
1173 620 1533 686 eeeinerint.
1625 619 1798 686 Idem
1867 620 2141 686 traditur
2197 622 2450 689 nomine

426 734 798 820 Apollodori
829 735 1156 802 Tarsensis
1200 735 1494 820 apposito
1539 735 1606 799 in
1655 734 1860 802 Sehol.
1894 736 1973 801 ad
2016 736 2215 803 Arist.
2240 737 2450 803 Ranas

426 848 504 915 V.
537 851 688 916 323.
777 849 946 932 Ergo
1005 849 1189 916 valde
1245 849 1567 937 probabile
1626 856 1758 934 est,
1825 869 1964 917 eum
2027 851 2451 936 Apollodorus

426 971 693 1049 utroque
746 964 883 1031 loeo
945 964 1023 1031 de
1079 965 1426 1031 carminum
1486 965 1819 1048 generibus
1880 966 2183 1050 disserat,
2252 966 2450 1034 altero

310 1159 319 1167 .
429 1099 674 1165 quoque
734 1079 1031 1165 Hesychii
1091 1080 1227 1145 loeo
1272 1079 1728 1166 Apollodorum
1789 1080 2266 1163 intelligendum
2313 1100 2451 1148 esse

428 1193 823 1262 Tarsensem.
919 1194 1145 1261 Eidem
1213 1194 1596 1280 Apollodoro
1666 1194 1958 1263 Tarsensi
1982 1244 2001 1279 ‚
2070 1215 2450 1281 quamquam

428 1311 617 1377 eertis
673 1310 1050 1376 testimoniis
1097 1329 1231 1375 rem
1276 1330 1401 1375 non
1446 1330 1705 1395 possum
1751 1309 2153 1394 confirmare,
2209 1311 2451 1393 dubito,

429 1444 511 1491 an
553 1424 666 1490 illa
710 1442 957 1509 quoque
1002 1423 1292 1509 epistola,
1338 1443 1499 1509 quae
1542 1425 1620 1491 ab
1649 1424 2036 1510 Apollodoro
2069 1425 2339 1510 quodam
2371 1424 2450 1490 ad

429 1538 808 1605 Aristoclem
874 1539 1070 1604 missa
1128 1543 1257 1622 est,
1326 1539 1707 1622 assignanda
1762 1540 1864 1604 sit.
1954 1538 2230 1604 Exstant
2284 1538 2450 1624 apud

430 1653 827 1721 Athenaeum
856 1651 1027 1737 XIV,
1062 1653 1254 1739 -Capt
1287 1655 1377 1720 40
1421 1654 1606 1720 haee:
1646 1649 2144 1738 Ἀπολλόδωρος
2186 1648 2254 1718 δ’
2277 1653 2348 1718 ἐν
2377 1658 2451 1745 τῇ

429 1764 590 1852 πρὸς
648 1768 762 1855 τὴν
823 1762 1296 1851 Ἀριστοκλέους
1352 1768 1695 1855 ἐπιστολήν
1754 1767 2119 1859 ἀντιγραφῇ
2127 1816 2149 1844 ,
2218 1769 2254 1833 ὅ
2316 1769 2451 1844 νῦν,

430 1872 653 1968 φήσιν,
708 1876 890 1968 ἡμεῖς
947 1882 1214 1964 λέγομεν
1271 1882 1661 1970 ψαλτήριον,
1717 1881 1896 1947 τοῦτ’
1931 1885 2099 1947 εἶναι
2142 1881 2451 1967 μάγαδιν,

430 1994 466 2062 ὅ
522 1998 596 2062 δὲ
651 1997 1056 2086 κλεψίαμβος
1108 1997 1406 2082 κληθεὶς,
1462 1997 1555 2062 ἔτι
1614 1998 1688 2063 δὲ
1744 2003 1852 2061 καὶ
1899 1995 1971 2061 τὸ
2016 1994 2452 2079 ἐννεάχορδον

430 2110 843 2198 οἶμαυρότερα
892 2114 966 2201 τῇ
1014 2117 1198 2194 χρείᾳ
1241 2115 1623 2197 καθέστηκε.
1695 2111 2037 2197 Scripsisse
2072 2110 2451 2177 Aristoclem

431 2226 739 2311 quendam
789 2231 933 2311 περὶ
963 2228 1267 2311 μουσικῆς
1297 2231 1407 2289 καὶ
1434 2228 1648 2309 χορῶν
1679 2226 2111 2308 cognoscimus
2143 2245 2221 2291 ex
2252 2224 2451 2290 Athe-

430 2344 574 2407 naei
623 2342 852 2424 verbis,
899 2341 1005 2425 qui
1052 2338 1222 2425 XIV,
1268 2338 1449 2428 Capt.
1478 2343 1562 2408 73
1608 2342 1793 2408 dieit:
1841 2344 1952 2418 οὓς
1999 2343 2116 2408 νῦν
2144 2345 2307 2418 τινες
2338 2345 2451 2406 Σι-

429 2454 691 2542 μῳδούς
736 2455 1059 2533 καλοῦσιν,
1107 2453 1192 2531 ὥς
1245 2454 1651 2542 Ἀριστοκλῆς
1696 2474 1892 2543 φησιν
1936 2456 2008 2521 ἐν
2041 2455 2274 2541 πρώτῳ
2307 2460 2455 2542 περὶ

431 2572 661 2656 χορῶν.
724 2570 827 2636 Ad
872 2571 1040 2637 hune
1083 2571 1484 2654 Aristoelem‚
1532 2573 1640 2654 qui
1686 2572 1819 2638 fere
1864 2571 2142 2656 aequalis
2188 2570 2450 2655 Apollo-

432 2686 584 2752 doro
630 2685 1001 2751 Atheniensi
1048 2685 1153 2768 sit‚
1198 2683 1242 2750 J
1243 2686 1457 2752 onsius
1488 2685 1597 2769 IV,
1642 2707 1706 2772 p.
1733 2687 1865 2752 330
1911 2685 2242 2772 epistolam
2274 2684 2447 2750 illam

430 2801 509 2868 ab
555 2800 939 2886 Apollodoro
984 2798 1357 2866 Atheniensi
1414 2802 1675 2867 missam
1733 2820 1870 2867 esse
1930 2801 2270 2866 existimat.
2362 2798 2453 2865 At

430 2915 832 2982 eonsiderans
887 2913 1344 3001 Apollodorum
1401 2915 1771 2982 Tarsensem
1842 2933 2072 2996 magna
2139 2913 2450 2996 elegantia

433 3031 638 3096 virum
681 3031 749 3096 in
792 3029 1148 3096 fabularum
1195 3029 1578 3097 earminibus
1623 3036 1792 3097 reete
1822 3030 2275 3097 constituendis
2306 3029 2448 3096 illo-

431 3165 696 3230 rumque
725 3145 1083 3212 nominibus
1115 3145 1604 3230 interpretandis
1633 3149 1948 3211 versatum
1981 3144 2198 3228 fuisse,
2239 3144 2448 3210 neseio

432 3277 513 3325 an
558 3259 712 3326 haee
757 3277 1002 3345 quoque
1048 3259 1334 3344 epistola,
1383 3278 1543 3344 quae
1574 3260 1654 3325 ad
1683 3259 2087 3343 Aristoclem‚
2133 3259 2447 3324 hominem

432 3375 587 3440 artis
629 3375 908 3442 musicae
945 3375 1242 3462 peritum,
1289 3374 1437 3441 data
1466 3375 1571 3458 sit,
1616 3374 1762 3440 huie
1792 3375 2002 3462 potius
2033 3393 2220 3459 quam
2250 3373 2447 3440 Athe-

430 3489 634 3555 niensi
669 3490 1068 3557 attribuenda
1098 3491 1201 3556 sit.
1269 3488 1396 3557 Sed
1425 3490 1745 3557 diversum
1776 3508 1918 3556 esse
1945 3489 2111 3557 hune
2139 3490 2217 3556 ab
2249 3487 2447 3554 altero

430 3602 813 3688 Apollodoro
860 3604 1155 3671 Tarsensi
1170 3655 1190 3688 ‚
1235 3609 1424 3690 poeta
1468 3604 1732 3688 tragico,
1777 3609 1947 3671 reete
1982 3604 2116 3687 Jam
2162 3601 2448 3687 Heynias

429 3717 744 3785 intellexit
786 3718 999 3805 Apoll.
1030 3718 1283 3803 Fragm.
1325 3739 1471 3805 pag.
1503 3720 1655 3785 457.

562 3832 895 3919 Reliquum
942 3839 1071 3919 est,
1130 3839 1202 3899 ut
1245 3852 1447 3921 pauea
1493 3833 1571 3900 de
1614 3833 1999 3920 Apollodoro
2042 3817 2338 3899 Doriensi
2384 3835 2450 3899 et
