2969 4676
1474 277 1519 343 8

478 458 705 523 tertius
751 461 879 540 est,
936 461 1272 542 corruptus
1327 460 1511 521 esset.
1603 455 1763 520 Nam
1813 456 1919 538 qui
1963 453 2238 541 Paphios
2281 456 2505 541 poculo

478 590 708 637 nomen
754 572 968 654 κύμβα
1013 572 1391 656 imposuisse
1438 569 1624 653 dicit,
1683 569 1885 635 eidem
1935 589 2059 635 non
2105 570 2256 635 licet
2297 570 2507 636 dicere

479 685 703 771 poculo
748 705 853 751 eos
896 705 1120 751 nomen
1151 686 1389 768 μαστός
1422 684 1686 750 dedisse.
1747 683 1945 750 Venio
1976 705 2143 750 nunc
2173 684 2251 750 ad
2285 685 2503 751 Thom.

480 798 743 865 Galeam
792 799 870 864 de
913 800 1128 884 script.
1162 799 1419 884 mythic.
1452 798 1562 883 ΠΙ,
1610 799 1714 883 qui
1764 799 1923 864 hanc
1954 799 2087 882 ejus
2119 798 2507 867 difficultatis

480 914 791 980 tollendae
838 915 1146 980 rationem
1194 914 1355 979 iniit.
1432 913 1606 978 Dicit
1653 914 1815 979 enim
1864 913 2000 983 loco
2045 913 2300 981 laudato
2350 915 2506 997 „Di-

481 1030 716 1111 stingui
774 1029 960 1095 debet
1017 1027 1441 1113 Apollodorus
1498 1027 1858 1113 Cyrenaeus
1921 1030 2370 1111 grammaticus
2425 1030 2506 1095 ab

478 1143 853 1209 Atheniensi
921 1149 1166 1221 nostr03
1237 1145 1492 1228 scripsit
1560 1164 1709 1208 sane
1776 1149 2042 1227 uterque
2083 1145 2189 1210 -de
2245 1145 2504 1229 poculis,

478 1258 640 1325 Illud
689 1264 898 1323 autem
943 1258 1283 1343 scriptores
1316 1258 1428 1324 hos
1462 1259 1541 1325 ab
1570 1258 1836 1324 invicem
1870 1258 2069 1343 possit
2099 1259 2507 1344 distinguere,

480 1374 644 1458 quod
677 1372 1038 1458 Cyrenaeus
1085 1373 1163 1438 de
1210 1373 1450 1456 poculis
1498 1374 1628 1456 egit
1667 1379 1987 1457 tamquam
2021 1373 2508 1460 glossographus

480 1493 545 1555 et
609 1488 875 1575 proinde
935 1509 1076 1554 cum
1134 1487 1466 1574 Pamphilo
1533 1509 1675 1554 eum
1745 1489 2067 1571 conjungit
2121 1490 2507 1585 AthenaeuS‚

480 1602 708 1671 Suidas
766 1623 908 1669 cum
968 1603 1109 1668 aliis
1163 1603 1690 1688 γλωσσογράφοις
1749 1624 1800 1668 S.
1834 1625 1892 1667 v.
1940 1604 2262 1688 ἄντικρυς,
2320 1611 2391 1671 ut
2444 1612 2509 1671 et

478 1718 982 1803 Etymologicum
1015 1714 1345 1799 Magnum3
1392 1717 1814 1803 Apollodorus
1844 1717 2251 1785 Atheniensis
2296 1726 2509 1786 autem

479 1833 848 1918 poculorum
895 1833 1190 1898 historias
1233 1832 1559 1915 collegisse
1589 1834 1790 1903 videri
1819 1835 2045 1900 merito
2076 1834 2349 1921 potest“.
2406 1836 2508 1901 Ex

478 1949 878 2033 paucissimis
908 1948 1220 2014 Athenaei
1252 1948 1460 2014 verbis
1507 1968 1629 2013 non
1676 1953 1886 2034 potest
1930 1949 2198 2031 intelligi
2241 1951 2507 2017 alterum

479 2062 845 2146 poculorum
907 2063 1163 2127 nomina
1220 2062 1703 2147 interpretatum
1759 2083 1930 2147 esse,
1987 2064 2254 2130 alterum
2281 2066 2284 2071 ’
2312 2065 2508 2133 histo-

481 2179 642 2243 riam
691 2177 1055 2263 poeulorum
1104 2178 1448 2261 collegisse.
1526 2177 1662 2260 Ego
1709 2184 1917 2245 autem
1964 2199 2124 2262 nego
2172 2185 2282 2247 aut
2309 2181 2508 2265 Apol-

481 2293 773 2360 lodorum,
816 2278 1208 2379 Cyrenaeum
1266 2298 1376 2359 aut
1420 2294 1877 2380 Apollodorum
1924 2295 2373 2363 Atheniensem
2432 2295 2508 2362 de

480 2408 724 2494 poculis
768 2408 998 2475 librum
1047 2409 1406 2474 confecisse.
1488 2408 1631 2474 Jam
1680 2409 1964 2494 Heynius
2010 2411 2170 2476 vidit
2212 2411 2505 2497 Apollod.

479 2522 731 2606 Fragm.
778 2544 922 2609 pag.
954 2525 1085 2590 453
1133 2523 1385 2606 titulos,
1443 2524 1510 2589 in
1571 2544 1727 2608 quos
1787 2545 1977 2610 opera
2030 2527 2234 2592 divisa
2277 2532 2509 2610 essent,

379 2668 387 2674 ·
481 2658 669 2724 saepe
726 2659 840 2725 pro
910 2639 1333 2721 singularibus
1396 2639 1629 2706 libellis
1699 2640 1945 2706 habitos
2015 2660 2184 2707 esse:
2252 2661 2376 2726 qua
2430 2642 2509 2708 de

482 2773 705 2819 caussa
749 2735 906 2820 illud
953 2755 1359 2820 Atheniensis
1407 2774 1600 2840 opus,
1652 2754 1819 2839 quod
1865 2762 2009 2840 περὶ
2054 2762 2368 2841 κρατῆρος
2413 2758 2508 2824 in-

483 2869 790 2954 scriptum
838 2870 944 2953 sit,
992 2869 1071 2934 ad
1117 2848 1348 2935 librum
1397 2875 1545 2952 περὶ
1573 2869 2003 2954 ἐτυμολογιῶν
2046 2873 2360 2954 pertinere
2398 2893 2508 2938 ex-

483 2984 744 3049 istimat.
838 2983 1009 3061 Quae
1068 2985 1379 3049 sententia
1434 2985 1684 3066 egregie
1728 2983 2135 3051 confirmatur
2178 2987 2292 3070 iis,
2350 3006 2509 3071 quae

481 3097 778 3180 leguntur
809 3099 974 3184 apud
1007 3098 1403 3164 Athenaeum
1434 3097 1546 3182 XI,
1593 3098 1776 3185 Capt.
1810 3103 1963 3167 103:
2014 3100 2509 3189 Ἀπολλόδωρος

484 3208 520 3278 ὃ
558 3211 918 3295 Ἀθηναῖος
964 3214 1034 3278 ἓν
1064 3216 1152 3299 τῷ
1198 3220 1345 3298 περὶ
1386 3216 1506 3279 τοῦ
1535 3217 1844 3300 κρατῆρος
1878 3215 2169 3303 ῥησειδίῳ
2202 3215 2317 3302 τήν
2344 3217 2508 3282 κατὰ

485 3326 601 3392 τὸν
647 3310 958 3411 ἇτυθμένοι
1015 3327 1098 3413 μὴ
1158 3330 1524 3414 δυναμένην
1579 3333 1895 3394 τίθεσθαι
1953 3338 2068 3394 καὶ
2089 3315 2508 3416 κέρείδεσθαι,

485 3438 657 3505 α’λλοὶ
705 3439 869 3506 κατὰ
916 3440 988 3507 τὰ
1039 3440 1262 3525 στόμα.
1330 3442 1498 3510 Voce
1544 3442 1881 3529 ῥησείὸιον,
1926 3465 2086 3530 quae
2125 3446 2226 3513 hic
2254 3445 2509 3530 legitur,

488 3576 612 3621 non
661 3576 842 3641 opuS‚
891 3558 1000 3624 sed
1049 3557 1269 3624 titulus
1299 3564 1546 3624 tantum
1582 3540 1791 3645 potest
1820 3560 2180 3642 significari.
2239 3561 2326 3626 Et
2354 3581 2509 3646 quo-

485 3671 653 3735 niam
703 3673 890 3736 etiam
938 3669 1361 3757 Apollodorus
1403 3673 1762 3759 Cyrenaeus
1805 3676 1869 3739 in
1918 3681 2052 3741 arte
2098 3677 2510 3758 grammatica

491 3805 746 3871 operam
795 3788 1208 3874 consumpsit,
1255 3808 1380 3856 non
1425 3788 1680 3873 librum,
1726 3791 1830 3875 qui
1880 3796 2025 3872 περὶ
2054 3794 2366 3876 κρατῆρος
2409 3792 2508 3857 in-
