2969 4676
406 553 823 638 Asclepiaden
890 554 1368 635 grammaticum
1442 554 1755 637 quendam
1826 555 2146 625 exstitisse
2203 555 2435 640 mat,

404 667 825 753 Asclepiaden
854 686 996 741 ‚non
1044 674 1290 752 patrem
1334 668 1532 737 fuisse
1562 667 1735 752 dicit,
1782 669 1894 737 sed
1921 669 2194 759 alterum
2223 688 2436 752 gram-

403 782 674 851 maticae
704 787 1198 868 praeceptorem,
1223 788 1296 849 ut
1321 781 1750 867 Apollodorus
1780 783 1961 853 binos
1993 789 2435 870 praeceptores

406 902 471 962 et
515 895 948 982 philosophiae
993 902 1058 964 et
1101 897 1550 979 grammaticae
1597 897 1905 967 habuerit.
1977 896 2150 975 Quae
2183 904 2435 967 contro-

408 1011 634 1095 versia,
686 1030 832 1079 cum
876 1013 1066 1079 certis
1111 1012 1491 1087 testimoniis
1537 1016 1895 1098 temporum
1938 1012 2178 1081 invidia
2220 1030 2435 1081 carea-

404 1144 579 1207 mus,
649 1125 984 1208 dijudicari
1050 1145 1177 1193 uon
1243 1130 1472 1211 potest.
1566 1124 1692 1191 Sed
1762 1126 1987 1210 quibus
2044 1127 2434 1212 temporibus

404 1239 829 1325 Apollodorus
859 1239 1265 1309 Atheniensis
1310 1238 1616 1322 floruerit,
1663 1241 1818 1307 satis
1849 1240 2036 1326 plane
2066 1261 2150 1307 ex
2179 1240 2434 1326 Scymni

404 1355 613 1423 verbis
658 1360 942 1440 apparet.
1032 1354 1207 1421 Dicit
1251 1355 1416 1423 enim
1465 1353 1776 1441 Scymnus
1791 1351 1860 1438 ¹),
1906 1356 2015 1439 qui
2056 1355 2194 1422 fere
2233 1354 2435 1441 Apol-

405 1469 606 1535 lodori
664 1469 945 1553 aequalis
1004 1475 1172 1551 erat,
1229 1488 1328 1534 res
1381 1489 1420 1534 a
1465 1466 1724 1535 Graecis
1770 1469 2178 1554 barbarisque
2221 1475 2435 1552 gestas

405 1582 862 1668 Apollodorum
910 1583 988 1650 ab
1037 1602 1223 1666 anno,
1270 1603 1392 1667 quo
1425 1581 1615 1664 Troja
1659 1588 1845 1668 capta
1890 1588 2079 1667 esset,
2126 1602 2324 1668 usque
2354 1583 2435 1650 ad

402 1717 585 1767 suam
640 1702 910 1775 aetatem
981 1698 1367 1767 conservatis
1436 1697 1794 1793 notatisque
1861 1698 2253 1784 temporibus
2309 1717 2435 1765 uno

402 1811 565 1883 libro
612 1812 1005 1894 colligavisse
1036 1812 1435 1897 spatiumque
1467 1829 1776 1877 annorum
1807 1811 1983 1878 mille
2014 1812 2437 1896 quadraginta

404 1927 487 1993 ad
532 1925 804 1995 calculos
834 1926 1175 1993 vocavisse.
1242 1925 1305 1991 A
1338 1924 1527 2007 Troja
1571 1931 1759 2010 capta
1803 1945 2001 2009 usque
2048 1927 2127 1993 ad
2159 1927 2432 2012 primam

404 2041 845 2127 Olympiadem
876 2040 1367 2124 quadringentos
1390 2045 1529 2106 octo
1554 2059 1751 2106 annos
1779 2041 2214 2109 intercessisse
2234 2041 2435 2127 Apol-

404 2156 660 2227 lodorus
703 2157 844 2241 ipse
887 2154 1071 2223 docet
1086 2150 1163 2239 ²),
1207 2175 1288 2225 ex
1334 2174 1456 2238 quo
1503 2173 1951 2235 cognoscamus
1998 2161 2250 2241 captam
2297 2176 2436 2224 esse

404 2290 572 2344 anno
602 2269 939 2340 millesimo
969 2270 1307 2335 centesimo
1334 2268 1850 2350 octingentesimo
1876 2276 2100 2353 quarto
2134 2289 2191 2337 a.
2207 2268 2354 2352 Chr.
2369 2290 2432 2340 n.

408 2386 689 2469 Trojam:
746 2384 914 2453 unde
960 2384 1283 2454 subductis
1326 2384 1512 2448 annis
1556 2382 1730 2449 mille
1777 2383 2226 2469 quadraginta,
2277 2404 2436 2471 quos

406 2500 828 2588 Apollodorus
875 2499 956 2566 ad
1000 2498 1270 2568 calculos
1303 2498 1572 2581 vocavit,
1618 2498 1883 2565 eundem
1932 2499 2292 2568 substitisse
2321 2520 2435 2587 ap-

404 2623 589 2703 paret
642 2617 711 2682 in
752 2615 1007 2699 Olymp.
1050 2614 1195 2679 159.
1238 2616 1294 2678 1.
1380 2611 1725 2682 Ptolemaei
1769 2612 2125 2697 Euergetae
2179 2616 2436 2686 secundi

407 2751 572 2800 anno
617 2731 817 2798 altero
861 2734 927 2795 et
971 2747 1135 2794 anno
1181 2727 1423 2796 decimo
1469 2732 1649 2793 sexto
1677 2726 1880 2794 Attali
1929 2729 2189 2796 secundi
2223 2728 2438 2798 Phila·

406 2846 644 2933 delphi,
688 2846 790 2912 cui
837 2862 996 2929 opus
1028 2848 1164 2910 erat
1192 2842 1570 2910 dedicatum.
1633 2840 1805 2925 Ergo
1836 2844 2004 2912 inter
2035 2843 2437 2930 Olymp.150

408 2965 473 3027 et
531 2958 779 3045 Olymp.
823 2959 951 3024 160
1012 2956 1258 3024 videtur
1312 2955 1734 3043 Apollodorus
1793 2957 2201 3026 Atheniensis
2269 2977 2435 3028 anno

515 3187 557 3252 ¹)
607 3185 854 3254 Scymnus
892 3185 1046 3236 Chius
1086 3184 1146 3234 V.
1177 3183 1241 3234 16
1266 3200 1399 3249 sqq.:

764 3268 1064 3333 συνετάξατ’
1103 3267 1209 3325 ἀπὸ
1248 3272 1332 3337 τῆς
1374 3271 1607 3342 Τρωῖκῆς
1642 3265 1883 3332 ἁλώσεως

757 3364 1173 3432 χρονογραφίαν
1208 3359 1524 3428 στοιχοῦσαν
1559 3355 1687 3430 ἄχρι
1721 3359 1811 3413 τοῦ
1845 3359 1946 3413 νῦν
1980 3363 2114 3427 βίου.

752 3447 878 3514 Ἔπη
916 3449 973 3501 δὲ
1009 3443 1397 3519 τεσσαράκοντα
1431 3443 1568 3519 πρὸς
1603 3449 1711 3507 τοῖς
1738 3448 1947 3516 χιλίοις.

515 3536 559 3601 ²)
604 3535 796 3612 Diodor
820 3536 870 3597 1,
895 3537 945 3588 5.
993 3534 1207 3586 Mueller
1242 3534 1422 3600 fragm.
1449 3534 1546 3586 73:
1594 3532 1712 3589 Ἀπὸ
1751 3534 1809 3588 δὲ
1846 3535 1950 3588 τῶν
1993 3535 2262 3608 Τρωϊκῶν,
2310 3531 2434 3586 ἀκο-

409 3620 615 3684 λούθως
643 3618 1006 3698 Ἀπολλοδώρῳ
1043 3625 1113 3695 τῷ
1141 3622 1417 3695 Ἀθηναίῳ,
1455 3628 1674 3695 τίθεμεν
1699 3618 2023 3692 ὀγδοήκοντα
2058 3624 2143 3686 ἔτη
2177 3617 2312 3693 πρὸς
2341 3618 2435 3686 τὴν

410 3706 649 3764 κάθοδον
694 3712 798 3764 τῶν
822 3708 1206 3782 Ἡρακλειδῶν·
1263 3708 1370 3763 ἀπὸ
1420 3712 1477 3765 δέ
1525 3706 1709 3775 ταύτης
1753 3709 1840 3763 ἐπὶ
1885 3706 1978 3774 τὴν
2013 3705 2223 3782 πρώτην
2250 3707 2435 3777 Ὀλυμ-

409 3794 580 3852 noddo:
615 3799 734 3851 δυσὶ
769 3802 1015 3852 λείποντα
1051 3800 1156 3852 τῶν
1192 3803 1509 3871 τριακοσίων
1541 3798 1634 3850 καὶ
1670 3793 1966 3871 τριάκοντα,
2012 3787 2438 3865 συλλογιζόμενοι

410 3884 527 3947 τοὺς
555 3882 785 3961 χρόνους
818 3883 926 3944 ἀπὸ
966 3887 1069 3942 τῶν
1104 3889 1164 3942 ἂν
1202 3887 1569 3958 Λακεδαίμονι
1602 3880 2043 3954 βασιλευσάντων.

2009 3978 2039 4031 1
2058 3975 2097 4011 ‹u›
