2969 4676
1536 404 1628 470 38

573 582 895 669 Typhonis
939 598 1082 649 cum
1129 580 1253 647 diis
1297 581 1699 648 commissam
1743 579 2162 647 illustravisse
2202 585 2266 647 et
2293 578 2597 662 Gigante-

572 697 822 764 machia
864 696 1153 783 exposita
1196 695 1610 782 adscripsisse
1651 699 1880 782 poetae
1907 693 2172 778 alicujus
2200 694 2432 778 locum,
2474 714 2599 779 quo

573 811 879 878 dissoluto
933 811 1001 878 in
1046 810 1395 878 orationem
1447 810 1638 894 haec,
1681 830 1845 894 quae
1887 826 2057 876 nunc
2100 814 2389 893 exstant,
2431 809 2601 876 faeta

573 932 827 993 essent.-

608 1062 613 1071 ·
646 1074 651 1083 ·
705 1038 907 1107 Multo
952 1038 1370 1107 veresimilius
1414 1037 1667 1105 uidetur
1709 1038 1869 1104 mihi
1921 1058 2058 1105 esse
2102 1037 2258 1104 illud
2274 1087 2293 1122 ,
2351 1038 2518 1124 quod
2559 1057 2603 1105 a

574 1154 901 1223 sommare
947 1155 1015 1221 in
1059 1154 1325 1240 praefat.
1358 1153 1440 1220 ad
1466 1151 1682 1239 Apoll.
1715 1153 1866 1219 edit.
1898 1153 2158 1220 allatum
2191 1158 2307 1220 est„
2366 1152 2603 1219 Statuit

575 1270 743 1351 enim
788 1269 906 1335 hoc
949 1268 1267 1335 dictionis¹
1287 1287 1484 1350 genus
1533 1288 1606 1335 eo
1653 1265 1942 1335 effectum
1988 1286 2162 1352 esse,
2207 1267 2373 1352 quod
2401 1266 2602 1354 Apol-

573 1384 831 1451 lodorus
876 1383 1171 1469 operibus
1217 1387 1282 1448 et
1324 1387 1657 1468 poetarum
1705 1388 1769 1449 et
1813 1382 2189 1469 scriptorum
2222 1402 2376 1449 usus
2407 1387 2601 1449 esset:

574 1500 789 1584 itaque
830 1496 1289 1584 Apollodorum
1338 1514 1450 1565 suo
1465 1546 1487 1581 ,
1533 1499 1642 1581 qui
1688 1497 1968 1580 dicatur,
2024 1497 2188 1583 stylo
2233 1517 2417 1564 usum
2466 1517 2603 1564 esse

573 1614 767 1683 nullo.
846 1612 965 1680 Cui
1008 1612 1358 1681 sententiae
1403 1613 1591 1697 plane
1636 1612 1966 1679 assentior.
2046 1611 2179 1679 Nec
2223 1613 2390 1680 enim
2405 1646 2442 1697 ,‘
2478 1632 2602 1697 quo

564 1738 734 1821 ⁴puro
767 1744 842 1794 ac
863 1726 1131 1795 candido
1160 1725 1409 1794 dicendi
1440 1747 1671 1809 genere
1699 1728 1798 1793 usi
1831 1732 1980 1792 sunt
2007 1726 2294 1813 priorum
2325 1732 2602 1809 aetatum

577 1843 940 1929 scriptores,
986 1845 1222 1926 quanta
1262 1840 1581 1924 elegantia
1624 1860 1700 1907 ac
1741 1841 2121 1926 urbanitate,
2166 1842 2233 1908 in
2272 1842 2371 1909 his
2399 1842 2603 1909 virtu-

575 1959 747 2026 tibus
788 1956 1133 2042 sequendis
1177 1954 1363 2038 hujus
1411 1955 1638 2021 aetatis
1683 1955 1969 2023 homines
2013 1976 2270 2042 operam
2311 1975 2604 2024 cousum-

575 2077 874 2160 pserunt,
930 2089 1073 2139 cum
1125 2089 1253 2139 non
1296 2074 1429 2135 tam
1475 2070 1784 2136 sermonis
1830 2069 2142 2152 elegantia
2184 2071 2420 2138 vellent
2463 2072 2605 2138 alli-

574 2196 718 2256 eere
746 2206 822 2255 ac
848 2202 1126 2269 movere,
1171 2200 1358 2269 quam
1389 2184 1578 2255 rebus
1608 2185 1799 2270 ipsis:
1841 2185 2029 2270 adde,
2071 2186 2241 2271 quod
2270 2206 2374 2252 res
2404 2187 2604 2271 ipsae,

574 2322 753 2390 quae,
784 2303 863 2371 ab
893 2299 1278 2388 Apollodoro
1324 2305 1631 2367 tractatae
1661 2305 1846 2396 sunt,
1890 2320 2019 2368 non
2065 2308 2247 2370 erant
2288 2301 2512 2370 molles
2541 2307 2606 2372 et

576 2426 835 2486 tenerae
876 2422 940 2483 et
983 2417 1075 2482 ita
1116 2414 1448 2500 flexibiles,
1492 2420 1566 2480 ut
1594 2421 2029 2501 sequerentur,
2074 2433 2444 2502 quocunque
2472 2423 2603 2485 tor«-

578 2552 824 2618 queres.
880 2530 1102 2615 Itaque
1130 2529 1450 2619 existimo,
1496 2534 1571 2595 ut
1602 2529 1740 2613 jam
1772 2536 1962 2598 antea
1981 2529 2376 2618 Summarus,
2405 2533 2605 2619 Apol·-

575 2648 862 2716 lodorum
923 2651 989 2713 et
1038 2649 1411 2728 argumenta
1464 2664 1582 2710 sua
1637 2665 1718 2713 ex
1773 2648 1995 2733 quovis
2051 2667 2316 2733 operum
2376 2660 2605 2731 genere

576 2763 904 2846 collegisse
963 2766 1152 2845 atque
1207 2745 1597 2841 congessisse
1654 2767 1719 2830 et
1765 2763 1835 2827 in
1880 2762 2143 2844 singulis
2189 2763 2378 2831 rebus
2419 2773 2605 2829 enar·-

577 2878 797 2945 randis
840 2876 1012 2944 illius
1059 2875 1355 2958 auctoriS,
1401 2894 1587 2959 quem
1619 2882 2009 2961 sequeretur,
2054 2897 2240 2945 voces
2268 2879 2606 2945 retinuisse

578 3014 653 3061 ac
686 2995 765 3059 ‘in
812 3007 993 3058 suum
1026 3009 1186 3076 opus
1212 2989 1636 3056 ‘wanstulisse
1704 2990 1875 3072 Ergo
1905 2991 2307 3058 considerans
2344 2999 2411 3059 et
2440 2993 2605 3060 unde

500 3117 509 3122 “
577 3106 1019 3194 Apollodorus·
1056 3121 1160 3172 res
1229 3124 1375 3170 suas
1442 3104 1775 3190 petiverit,
1844 3110 1910 3171 et
1968 3106 2135 3191 quod
2169 3107 2378 3173 ³fuerit
2431 3108 2604 3176 illius

578 3222 806 3290 aetatis
862 3240 1063 3303 genus
1115 3219 1399 3304 dicendi,
1454 3225 1609 3306 puto
1664 3240 1794 3287 non
1844 3220 1982 3288 fieri
2026 3239 2247 3308 posse,
2304 3228 2378 3289 ut
2419 3223 2604 3306 hujus

581 3335 868 3423 opusculi
913 3351 1201 3402 sermone
1244 3335 1337 3404 ita
1381 3332 1793 3420 offendamur,
1837 3342 1911 3403 ut
1953 3356 2060 3420 eo,
2113 3358 2238 3423 quo
2282 3337 2605 3404 Clavierus

580 3452 750 3534 vult,
805 3449 995 3516 modo
1050 3448 1210 3516 illud
1273 3450 1442 3515 inter
1499 3451 1720 3535 poesin
1777 3456 1841 3517 et
1894 3452 2241 3519 orationem
2294 3452 2605 3520 fluctuans

580 3586 780 3650 genus
825 3562 1073 3632 dicendi
1120 3562 1445 3631 effectum
1453 3584 1592 3631 esse
1636 3566 2087 3633 existimemus.

713 3679 1068 3748 Redeamus
1112 3698 1283 3746 nune
1309 3678 1391 3746 ad
1430 3678 1610 3764 illud,
1655 3680 1824 3765 quod
1851 3681 2034 3748 nobis
2063 3682 2457 3768 propositum
2488 3686 2602 3748 est.

582 3794 882 3879 Fabulae,
928 3813 1089 3878 quae
1132 3793 1252 3862 hoc
1295 3794 1595 3879 opusculo
1629 3797 2065 3879 continentur,
2109 3801 2184 3862 ut
2216 3815 2410 3883 supra
2439 3796 2605 3864 dixi-

582 3930 751 3996 mus,
792 3911 888 4000 ita
931 3913 1237 3978 toeectatae
1262 3963 1267 3970 ι
1280 3915 1453 3995 sunt,
1497 3916 1571 3978 ut
1615 3910 1881 3978 aliarum
1911 3912 2149 3979 mentio
2179 3912 2268 3979 sit
2289 3911 2606 3995 inchoata,
