<?xml version="1.0" encoding="UTF-8"?>
<!DOCTYPE html PUBLIC "-//W3C//DTD XHTML 1.0 Transitional//EN"
    "http://www.w3.org/TR/xhtml1/DTD/xhtml1-transitional.dtd">
<html xmlns="http://www.w3.org/1999/xhtml" xml:lang="en" lang="en">
 <head>
  <title>
</title>
<meta http-equiv="Content-Type" content="text/html;charset=utf-8" />
  <meta name='ocr-system' content='tesseract 3.04.00' />
  <meta name='ocr-capabilities' content='ocr_page ocr_carea ocr_par ocr_line ocrx_word'/>
</head>
<body>
  <div class='ocr_page' id='page_1' title='image "./deapollodoreath00funkgoog_0070.png"; bbox 0 0 2969 4676; ppageno 0'>
   <div class='ocr_carea' id='block_1_1' title="bbox 1154 900 1897 1061">
    <p class='ocr_par' dir='ltr' id='par_1_1' title="bbox 1154 900 1897 1061">
     <span class='ocr_line' id='line_1_1' title="bbox 1154 900 1897 1061; baseline 0.001 -4"><span class='ocrx_word' id='word_1_1' title='bbox 1154 900 1746 1061; x_wconf 65' lang='lat' dir='ltr'><strong>&#39;vag</strong></span> <span class='ocrx_word' id='word_1_2' title='bbox 1855 922 1897 1043; x_wconf 73' lang='lat' dir='ltr'><strong>J</strong></span> 
     </span>
    </p>
   </div>
   <div class='ocr_carea' id='block_1_2' title="bbox 1422 1135 1604 1153">
    <p class='ocr_par' dir='ltr' id='par_1_2' title="bbox 1422 1135 1604 1153">
     <span class='ocr_line' id='line_1_2' title="bbox 1422 1135 1604 1153; baseline 0 3523"><span class='ocrx_word' id='word_1_3' title='bbox 1422 1135 1604 1153; x_wconf 95' lang='lat' dir='ltr'><strong> </strong></span> 
     </span>
    </p>
   </div>
   <div class='ocr_carea' id='block_1_3' title="bbox 496 1246 2525 3584">
    <p class='ocr_par' dir='ltr' id='par_1_3' title="bbox 496 1246 2525 3584">
     <span class='ocr_line' id='line_1_3' title="bbox 604 1246 2519 1343; baseline -0.004 0"><span class='ocrx_word' id='word_1_4' title='bbox 604 1246 1089 1343; x_wconf 69' lang='lat' dir='ltr'><strong>Hei-manuus</strong></span> <span class='ocrx_word' id='word_1_5' title='bbox 1129 1272 1899 1339; x_wconf 79' lang='lat' dir='ltr'><strong>CarolusLudovicus</strong></span> <span class='ocrx_word' id='word_1_6' title='bbox 1926 1272 2134 1335; x_wconf 85' lang='lat' dir='ltr'><strong>Fuuk</strong></span> <span class='ocrx_word' id='word_1_7' title='bbox 2175 1277 2349 1335; x_wconf 88' lang='lat' dir='ltr'><strong>natus</strong></span> <span class='ocrx_word' id='word_1_8' title='bbox 2391 1292 2519 1335; x_wconf 92' lang='lat' dir='ltr'><strong>sum</strong></span> 
     </span>
     <span class='ocr_line' id='line_1_4' title="bbox 497 1358 2520 1452; baseline -0.002 -15"><span class='ocrx_word' id='word_1_9' title='bbox 497 1374 879 1437; x_wconf 74' lang='lat' dir='ltr'><strong>Fridlandiae</strong></span> <span class='ocrx_word' id='word_1_10' title='bbox 919 1374 1113 1434; x_wconf 87' lang='lat' dir='ltr'><strong>xvm</strong></span> <span class='ocrx_word' id='word_1_11' title='bbox 1153 1358 1472 1452; x_wconf 75' lang='lat' dir='ltr'><strong>a.‘o.Maj.</strong></span> <span class='ocrx_word' id='word_1_12' title='bbox 1495 1379 1572 1433; x_wconf 53' lang='grc' dir='ltr'><strong>α.</strong></span> <span class='ocrx_word' id='word_1_13' title='bbox 1595 1372 1660 1445; x_wconf 81' lang='lat' dir='ltr'><strong>h·</strong></span> <span class='ocrx_word' id='word_1_14' title='bbox 1690 1390 1739 1433; x_wconf 77' lang='lat' dir='ltr'><strong>s.</strong></span> <span class='ocrx_word' id='word_1_15' title='bbox 1768 1372 1958 1433; x_wconf 78' lang='lat' dir='ltr'><strong>xmv</strong></span> <span class='ocrx_word' id='word_1_16' title='bbox 2007 1376 2176 1449; x_wconf 77' lang='lat' dir='ltr'><strong>patre</strong></span> <span class='ocrx_word' id='word_1_17' title='bbox 2227 1371 2520 1451; x_wconf 69' lang='lat' dir='ltr'><strong>Adon-0,</strong></span> 
     </span>
     <span class='ocr_line' id='line_1_5' title="bbox 496 1468 2522 1548; baseline -0.002 -16"><span class='ocrx_word' id='word_1_18' title='bbox 496 1478 688 1534; x_wconf 79' lang='lat' dir='ltr'><strong>matre</strong></span> <span class='ocrx_word' id='word_1_19' title='bbox 738 1471 1100 1548; x_wconf 79' lang='lat' dir='ltr'><strong>Aemilia,</strong></span> <span class='ocrx_word' id='word_1_20' title='bbox 1153 1470 1226 1531; x_wconf 89' lang='lat' dir='ltr'><strong>de</strong></span> <span class='ocrx_word' id='word_1_21' title='bbox 1279 1475 1454 1548; x_wconf 86' lang='lat' dir='ltr'><strong>gente</strong></span> <span class='ocrx_word' id='word_1_22' title='bbox 1508 1468 1881 1548; x_wconf 74' lang='lat' dir='ltr'><strong>Schmidt,</strong></span> <span class='ocrx_word' id='word_1_23' title='bbox 1934 1484 2086 1546; x_wconf 81' lang='lat' dir='ltr'><strong>ques</strong></span> <span class='ocrx_word' id='word_1_24' title='bbox 2133 1470 2312 1530; x_wconf 83' lang='lat' dir='ltr'><strong>etiam</strong></span> <span class='ocrx_word' id='word_1_25' title='bbox 2365 1486 2522 1529; x_wconf 85' lang='lat' dir='ltr'><strong>nunc</strong></span> 
     </span>
     <span class='ocr_line' id='line_1_6' title="bbox 498 1562 2523 1645; baseline -0.002 -15"><span class='ocrx_word' id='word_1_26' title='bbox 498 1571 702 1639; x_wconf 77' lang='lat' dir='ltr'><strong>vivere</strong></span> <span class='ocrx_word' id='word_1_27' title='bbox 755 1573 934 1645; x_wconf 76' lang='lat' dir='ltr'><strong>atque</strong></span> <span class='ocrx_word' id='word_1_28' title='bbox 984 1566 1135 1628; x_wconf 87' lang='lat' dir='ltr'><strong>adeo</strong></span> <span class='ocrx_word' id='word_1_29' title='bbox 1174 1566 1374 1644; x_wconf 83' lang='lat' dir='ltr'><strong>vigere</strong></span> <span class='ocrx_word' id='word_1_30' title='bbox 1415 1566 1795 1629; x_wconf 83' lang='lat' dir='ltr'><strong>vehementer</strong></span> <span class='ocrx_word' id='word_1_31' title='bbox 1844 1562 2093 1643; x_wconf 83' lang='lat' dir='ltr'><strong>gaudeo.</strong></span> <span class='ocrx_word' id='word_1_32' title='bbox 2168 1566 2523 1641; x_wconf 60' lang='lat' dir='ltr'><strong>christiam</strong></span> 
     </span>
     <span class='ocr_line' id='line_1_7' title="bbox 497 1663 2522 1755; baseline -0.003 -24"><span class='ocrx_word' id='word_1_33' title='bbox 497 1666 835 1742; x_wconf 49' lang='lat' dir='ltr'><strong>adscriptus</strong></span> <span class='ocrx_word' id='word_1_34' title='bbox 882 1683 1011 1733; x_wconf 80' lang='lat' dir='ltr'><strong>sum</strong></span> <span class='ocrx_word' id='word_1_35' title='bbox 1052 1678 1202 1740; x_wconf 83' lang='lat' dir='ltr'><strong>quos</strong></span> <span class='ocrx_word' id='word_1_36' title='bbox 1230 1663 1446 1755; x_wconf 79' lang='lat' dir='ltr'><strong>‚dicunt</strong></span> <span class='ocrx_word' id='word_1_37' title='bbox 1484 1663 1867 1741; x_wconf 77' lang='lat' dir='ltr'><strong>evangelicis.</strong></span> <span class='ocrx_word' id='word_1_38' title='bbox 1940 1664 2268 1753; x_wconf 66' lang='lat' dir='ltr'><strong>Praecipup</strong></span> <span class='ocrx_word' id='word_1_39' title='bbox 2309 1663 2522 1733; x_wconf 72' lang='lat' dir='ltr'><strong>deinde</strong></span> 
     </span>
     <span class='ocr_line' id='line_1_8' title="bbox 497 1759 2524 1849; baseline -0.003 -23"><span class='ocrx_word' id='word_1_40' title='bbox 497 1763 608 1827; x_wconf 83' lang='lat' dir='ltr'><strong>fati</strong></span> <span class='ocrx_word' id='word_1_41' title='bbox 658 1761 950 1847; x_wconf 83' lang='lat' dir='ltr'><strong>beneficio</strong></span> <span class='ocrx_word' id='word_1_42' title='bbox 1002 1759 1151 1821; x_wconf 89' lang='lat' dir='ltr'><strong>mihi</strong></span> <span class='ocrx_word' id='word_1_43' title='bbox 1199 1760 1477 1849; x_wconf 75' lang='lat' dir='ltr'><strong>contigit,</strong></span> <span class='ocrx_word' id='word_1_44' title='bbox 1528 1765 1596 1825; x_wconf 87' lang='lat' dir='ltr'><strong>ut</strong></span> <span class='ocrx_word' id='word_1_45' title='bbox 1643 1778 1780 1841; x_wconf 79' lang='lat' dir='ltr'><strong>quo·</strong></span> <span class='ocrx_word' id='word_1_46' title='bbox 1814 1765 2016 1840; x_wconf 77' lang='lat' dir='ltr'><strong>patre,</strong></span> <span class='ocrx_word' id='word_1_47' title='bbox 2047 1761 2277 1849; x_wconf 49' lang='lat' dir='ltr'><strong>⁶9⁶0?ss</strong></span> <span class='ocrx_word' id='word_1_48' title='bbox 2325 1764 2524 1823; x_wconf 79' lang='lat' dir='ltr'><strong>uterer</strong></span> 
     </span>
     <span class='ocr_line' id='line_1_9' title="bbox 497 1846 2525 1937; baseline 0 -19"><span class='ocrx_word' id='word_1_49' title='bbox 497 1863 902 1937; x_wconf 69' lang='lat' dir='ltr'><strong>praeceptore.</strong></span> <span class='ocrx_word' id='word_1_50' title='bbox 969 1860 1039 1918; x_wconf 95' lang='lat' dir='ltr'><strong>In</strong></span> <span class='ocrx_word' id='word_1_51' title='bbox 1081 1859 1309 1919; x_wconf 79' lang='lat' dir='ltr'><strong>illustre</strong></span> <span class='ocrx_word' id='word_1_52' title='bbox 1346 1846 1720 1935; x_wconf 73' lang='lat' dir='ltr'><strong>gymnasium</strong></span> <span class='ocrx_word' id='word_1_53' title='bbox 1762 1859 2212 1921; x_wconf 85' lang='lat' dir='ltr'><strong>Fridlandiense</strong></span> <span class='ocrx_word' id='word_1_54' title='bbox 2251 1861 2525 1937; x_wconf 70' lang='lat' dir='ltr'><strong>receptus</strong></span> 
     </span>
     <span class='ocr_line' id='line_1_10' title="bbox 500 1940 2524 2033; baseline -0.001 -17"><span class='ocrx_word' id='word_1_55' title='bbox 500 1975 538 2016; x_wconf 88' lang='lat' dir='ltr'><strong>a</strong></span> <span class='ocrx_word' id='word_1_56' title='bbox 564 1957 893 2016; x_wconf 82' lang='lat' dir='ltr'><strong>Roberto</strong></span> <span class='ocrx_word' id='word_1_57' title='bbox 934 1956 1255 2033; x_wconf 87' lang='lat' dir='ltr'><strong>Ungero,</strong></span> <span class='ocrx_word' id='word_1_58' title='bbox 1297 1971 1525 2014; x_wconf 90' lang='lat' dir='ltr'><strong>summo</strong></span> <span class='ocrx_word' id='word_1_59' title='bbox 1558 1955 1707 2033; x_wconf 86' lang='lat' dir='ltr'><strong>viro,</strong></span> <span class='ocrx_word' id='word_1_60' title='bbox 1749 1954 1919 2032; x_wconf 76' lang='lat' dir='ltr'><strong>quus</strong></span> <span class='ocrx_word' id='word_1_61' title='bbox 1959 1940 2240 2031; x_wconf 79' lang='lat' dir='ltr'><strong>auspiciis</strong></span> <span class='ocrx_word' id='word_1_62' title='bbox 2278 1946 2524 2032; x_wconf 62' lang='lat' dir='ltr'><strong>gymnass</strong></span> 
     </span>
     <span class='ocr_line' id='line_1_11' title="bbox 500 2049 2523 2127; baseline -0 -15"><span class='ocrx_word' id='word_1_63' title='bbox 500 2052 652 2112; x_wconf 88' lang='lat' dir='ltr'><strong>sium</strong></span> <span class='ocrx_word' id='word_1_64' title='bbox 706 2051 958 2112; x_wconf 86' lang='lat' dir='ltr'><strong>florebat</strong></span> <span class='ocrx_word' id='word_1_65' title='bbox 1007 2054 1068 2110; x_wconf 91' lang='lat' dir='ltr'><strong>et</strong></span> <span class='ocrx_word' id='word_1_66' title='bbox 1116 2051 1454 2110; x_wconf 80' lang='lat' dir='ltr'><strong>etiamnunc</strong></span> <span class='ocrx_word' id='word_1_67' title='bbox 1504 2049 1701 2127; x_wconf 88' lang='lat' dir='ltr'><strong>floret,</strong></span> <span class='ocrx_word' id='word_1_68' title='bbox 1757 2065 1943 2126; x_wconf 87' lang='lat' dir='ltr'><strong>usque</strong></span> <span class='ocrx_word' id='word_1_69' title='bbox 1982 2049 2060 2109; x_wconf 88' lang='lat' dir='ltr'><strong>ad</strong></span> <span class='ocrx_word' id='word_1_70' title='bbox 2101 2067 2319 2109; x_wconf 88' lang='lat' dir='ltr'><strong>annum</strong></span> <span class='ocrx_word' id='word_1_71' title='bbox 2359 2051 2523 2111; x_wconf 87' lang='lat' dir='ltr'><strong>LXV</strong></span> 
     </span>
     <span class='ocr_line' id='line_1_12' title="bbox 499 2145 2523 2224; baseline -0 -15"><span class='ocrx_word' id='word_1_72' title='bbox 499 2148 869 2209; x_wconf 85' lang='lat' dir='ltr'><strong>institutione</strong></span> <span class='ocrx_word' id='word_1_73' title='bbox 909 2146 1513 2224; x_wconf 77' lang='lat' dir='ltr'><strong>praeclarissimorum</strong></span> <span class='ocrx_word' id='word_1_74' title='bbox 1554 2146 1816 2207; x_wconf 87' lang='lat' dir='ltr'><strong>virorum</strong></span> <span class='ocrx_word' id='word_1_75' title='bbox 1857 2145 2083 2207; x_wconf 84' lang='lat' dir='ltr'><strong>fruetus</strong></span> <span class='ocrx_word' id='word_1_76' title='bbox 2124 2164 2272 2207; x_wconf 90' lang='lat' dir='ltr'><strong>sum.</strong></span> <span class='ocrx_word' id='word_1_77' title='bbox 2332 2148 2523 2208; x_wconf 84' lang='lat' dir='ltr'><strong>Matu-</strong></span> 
     </span>
     <span class='ocr_line' id='line_1_13' title="bbox 497 2243 2525 2322; baseline -0 -15"><span class='ocrx_word' id='word_1_78' title='bbox 497 2246 695 2307; x_wconf 85' lang='lat' dir='ltr'><strong>ritatis</strong></span> <span class='ocrx_word' id='word_1_79' title='bbox 748 2246 1018 2305; x_wconf 81' lang='lat' dir='ltr'><strong>examine</strong></span> <span class='ocrx_word' id='word_1_80' title='bbox 1072 2247 1349 2321; x_wconf 84' lang='lat' dir='ltr'><strong>superato</strong></span> <span class='ocrx_word' id='word_1_81' title='bbox 1389 2245 1657 2304; x_wconf 88' lang='lat' dir='ltr'><strong>Bonnam</strong></span> <span class='ocrx_word' id='word_1_82' title='bbox 1710 2261 1803 2303; x_wconf 91' lang='lat' dir='ltr'><strong>me</strong></span> <span class='ocrx_word' id='word_1_83' title='bbox 1856 2243 2078 2304; x_wconf 85' lang='lat' dir='ltr'><strong>contuli</strong></span> <span class='ocrx_word' id='word_1_84' title='bbox 2092 2288 2109 2322; x_wconf 90' lang='lat'><em>,</em></span> <span class='ocrx_word' id='word_1_85' title='bbox 2160 2244 2265 2304; x_wconf 91' lang='lat' dir='ltr'><strong>ubi</strong></span> <span class='ocrx_word' id='word_1_86' title='bbox 2310 2244 2525 2306; x_wconf 83' lang='lat' dir='ltr'><strong>studiis</strong></span> 
     </span>
     <span class='ocr_line' id='line_1_14' title="bbox 501 2340 2523 2420; baseline 0 -17"><span class='ocrx_word' id='word_1_87' title='bbox 501 2361 633 2404; x_wconf 87' lang='lat' dir='ltr'><strong>eum</strong></span> <span class='ocrx_word' id='word_1_88' title='bbox 674 2341 1049 2420; x_wconf 84' lang='lat' dir='ltr'><strong>philologieis</strong></span> <span class='ocrx_word' id='word_1_89' title='bbox 1083 2346 1208 2402; x_wconf 90' lang='lat' dir='ltr'><strong>tum</strong></span> <span class='ocrx_word' id='word_1_90' title='bbox 1235 2340 1554 2401; x_wconf 63' lang='lat' dir='ltr'><strong>historicis*</strong></span> <span class='ocrx_word' id='word_1_91' title='bbox 1564 2357 1803 2417; x_wconf 80' lang='lat' dir='ltr'><strong>operam</strong></span> <span class='ocrx_word' id='word_1_92' title='bbox 1832 2340 2052 2419; x_wconf 85' lang='lat' dir='ltr'><strong>darem,</strong></span> <span class='ocrx_word' id='word_1_93' title='bbox 2093 2345 2155 2402; x_wconf 84' lang='lat' dir='ltr'><strong>et</strong></span> <span class='ocrx_word' id='word_1_94' title='bbox 2181 2346 2523 2419; x_wconf 86' lang='lat' dir='ltr'><strong>praecepto·</strong></span> 
     </span>
     <span class='ocr_line' id='line_1_15' title="bbox 499 2436 2524 2519; baseline 0 -19"><span class='ocrx_word' id='word_1_95' title='bbox 499 2441 666 2501; x_wconf 88' lang='lat' dir='ltr'><strong>ribus</strong></span> <span class='ocrx_word' id='word_1_96' title='bbox 706 2455 848 2500; x_wconf 88' lang='lat' dir='ltr'><strong>usus</strong></span> <span class='ocrx_word' id='word_1_97' title='bbox 889 2456 1017 2499; x_wconf 86' lang='lat' dir='ltr'><strong>sum</strong></span> <span class='ocrx_word' id='word_1_98' title='bbox 1059 2438 1352 2515; x_wconf 80' lang='lat' dir='ltr'><strong>Bernays,</strong></span> <span class='ocrx_word' id='word_1_99' title='bbox 1402 2436 1684 2516; x_wconf 87' lang='lat' dir='ltr'><strong>Brandis,</strong></span> <span class='ocrx_word' id='word_1_100' title='bbox 1725 2436 1881 2498; x_wconf 83' lang='lat' dir='ltr'><strong>Jahn</strong></span> <span class='ocrx_word' id='word_1_101' title='bbox 1895 2480 1913 2516; x_wconf 79' lang='lat'><em>‚</em></span> <span class='ocrx_word' id='word_1_102' title='bbox 1962 2438 2232 2517; x_wconf 86' lang='lat' dir='ltr'><strong>Kuoodt,</strong></span> <span class='ocrx_word' id='word_1_103' title='bbox 2273 2439 2524 2519; x_wconf 77' lang='lat' dir='ltr'><strong>Ritscffl,</strong></span> 
     </span>
     <span class='ocr_line' id='line_1_16' title="bbox 500 2534 2522 2615; baseline 0 -17"><span class='ocrx_word' id='word_1_104' title='bbox 500 2535 802 2615; x_wconf 85' lang='lat' dir='ltr'><strong>Schaefer,</strong></span> <span class='ocrx_word' id='word_1_105' title='bbox 844 2535 918 2596; x_wconf 93' lang='lat' dir='ltr'><strong>de</strong></span> <span class='ocrx_word' id='word_1_106' title='bbox 946 2534 1145 2612; x_wconf 82' lang='lat' dir='ltr'><strong>Sybel,</strong></span> <span class='ocrx_word' id='word_1_107' title='bbox 1184 2534 1432 2595; x_wconf 89' lang='lat' dir='ltr'><strong>Usener.</strong></span> <span class='ocrx_word' id='word_1_108' title='bbox 1495 2534 1814 2595; x_wconf 86' lang='lat' dir='ltr'><strong>Praeterea</strong></span> <span class='ocrx_word' id='word_1_109' title='bbox 1853 2535 2267 2595; x_wconf 84' lang='lat' dir='ltr'><strong>benevolentia</strong></span> <span class='ocrx_word' id='word_1_110' title='bbox 2308 2535 2522 2598; x_wconf 79' lang='lat' dir='ltr'><strong>Sohae-</strong></span> 
     </span>
     <span class='ocr_line' id='line_1_17' title="bbox 500 2630 2522 2710; baseline 0 -17"><span class='ocrx_word' id='word_1_111' title='bbox 500 2633 613 2694; x_wconf 88' lang='lat' dir='ltr'><strong>feri</strong></span> <span class='ocrx_word' id='word_1_112' title='bbox 663 2637 724 2694; x_wconf 90' lang='lat' dir='ltr'><strong>et</strong></span> <span class='ocrx_word' id='word_1_113' title='bbox 764 2632 838 2693; x_wconf 91' lang='lat' dir='ltr'><strong>de</strong></span> <span class='ocrx_word' id='word_1_114' title='bbox 878 2631 1105 2710; x_wconf 80' lang='lat' dir='ltr'><strong>Sybelii</strong></span> <span class='ocrx_word' id='word_1_115' title='bbox 1152 2630 1402 2708; x_wconf 85' lang='lat' dir='ltr'><strong>contigit</strong></span> <span class='ocrx_word' id='word_1_116' title='bbox 1441 2630 1617 2710; x_wconf 90' lang='lat' dir='ltr'><strong>mihi,</strong></span> <span class='ocrx_word' id='word_1_117' title='bbox 1671 2635 1738 2692; x_wconf 88' lang='lat' dir='ltr'><strong>ut</strong></span> <span class='ocrx_word' id='word_1_118' title='bbox 1784 2649 1891 2707; x_wconf 90' lang='lat' dir='ltr'><strong>per</strong></span> <span class='ocrx_word' id='word_1_119' title='bbox 1930 2631 2047 2691; x_wconf 86' lang='lat' dir='ltr'><strong>tria</strong></span> <span class='ocrx_word' id='word_1_120' title='bbox 2087 2634 2395 2693; x_wconf 84' lang='lat' dir='ltr'><strong>semestria</strong></span> <span class='ocrx_word' id='word_1_121' title='bbox 2434 2651 2522 2694; x_wconf 89' lang='lat' dir='ltr'><strong>se-</strong></span> 
     </span>
     <span class='ocr_line' id='line_1_18' title="bbox 501 2713 2523 2806; baseline 0 -16"><span class='ocrx_word' id='word_1_122' title='bbox 501 2730 739 2790; x_wconf 86' lang='lat' dir='ltr'><strong>minarii</strong></span> <span class='ocrx_word' id='word_1_123' title='bbox 801 2729 951 2806; x_wconf 85' lang='lat' dir='ltr'><strong>regii</strong></span> <span class='ocrx_word' id='word_1_124' title='bbox 1016 2727 1285 2788; x_wconf 80' lang='lat' dir='ltr'><strong>historici</strong></span> <span class='ocrx_word' id='word_1_125' title='bbox 1339 2727 1563 2788; x_wconf 86' lang='lat' dir='ltr'><strong>sodalis</strong></span> <span class='ocrx_word' id='word_1_126' title='bbox 1616 2744 1806 2788; x_wconf 89' lang='lat' dir='ltr'><strong>essem</strong></span> <span class='ocrx_word' id='word_1_127' title='bbox 1857 2727 2210 2789; x_wconf 85' lang='lat' dir='ltr'><strong>ordinarius.</strong></span> <span class='ocrx_word' id='word_1_128' title='bbox 2291 2713 2523 2791; x_wconf 78' lang='lat' dir='ltr'><strong>Deinde</strong></span> 
     </span>
     <span class='ocr_line' id='line_1_19' title="bbox 499 2823 2523 2904; baseline -0.001 -15"><span class='ocrx_word' id='word_1_129' title='bbox 499 2827 838 2888; x_wconf 84' lang='lat' dir='ltr'><strong>Berolinum</strong></span> <span class='ocrx_word' id='word_1_130' title='bbox 879 2823 1133 2901; x_wconf 81' lang='lat' dir='ltr'><strong>migravi</strong></span> <span class='ocrx_word' id='word_1_131' title='bbox 1146 2866 1164 2901; x_wconf 86' lang='lat'>,</span> <span class='ocrx_word' id='word_1_132' title='bbox 1211 2825 1316 2884; x_wconf 89' lang='lat' dir='ltr'><strong>ubi</strong></span> <span class='ocrx_word' id='word_1_133' title='bbox 1356 2843 1449 2885; x_wconf 92' lang='lat' dir='ltr'><strong>me</strong></span> <span class='ocrx_word' id='word_1_134' title='bbox 1491 2825 1783 2886; x_wconf 86' lang='lat' dir='ltr'><strong>advenam</strong></span> <span class='ocrx_word' id='word_1_135' title='bbox 1822 2825 2114 2886; x_wconf 72' lang='lat' dir='ltr'><strong>Aemilius</strong></span> <span class='ocrx_word' id='word_1_136' title='bbox 2153 2826 2523 2904; x_wconf 85' lang='lat' dir='ltr'><strong>Huebnerus,</strong></span> 
     </span>
     <span class='ocr_line' id='line_1_20' title="bbox 499 2920 2523 3000; baseline 0 -16"><span class='ocrx_word' id='word_1_137' title='bbox 499 2925 593 2985; x_wconf 89' lang='lat' dir='ltr'><strong>vir</strong></span> <span class='ocrx_word' id='word_1_138' title='bbox 633 2921 1029 3000; x_wconf 83' lang='lat' dir='ltr'><strong>doctissimus,</strong></span> <span class='ocrx_word' id='word_1_139' title='bbox 1069 2921 1133 2980; x_wconf 90' lang='lat' dir='ltr'><strong>in</strong></span> <span class='ocrx_word' id='word_1_140' title='bbox 1173 2921 1516 2982; x_wconf 87' lang='lat' dir='ltr'><strong>societatem</strong></span> <span class='ocrx_word' id='word_1_141' title='bbox 1557 2920 1973 2998; x_wconf 85' lang='lat' dir='ltr'><strong>philologicam</strong></span> <span class='ocrx_word' id='word_1_142' title='bbox 2012 2924 2239 2999; x_wconf 87' lang='lat' dir='ltr'><strong>recepit</strong></span> <span class='ocrx_word' id='word_1_143' title='bbox 2277 2924 2523 3000; x_wconf 85' lang='lat' dir='ltr'><strong>parique</strong></span> 
     </span>
     <span class='ocr_line' id='line_1_21' title="bbox 499 3017 2524 3094; baseline -0 -13"><span class='ocrx_word' id='word_1_144' title='bbox 499 3018 913 3081; x_wconf 87' lang='lat' dir='ltr'><strong>benevolentia</strong></span> <span class='ocrx_word' id='word_1_145' title='bbox 939 3035 1047 3094; x_wconf 89' lang='lat' dir='ltr'><strong>per</strong></span> <span class='ocrx_word' id='word_1_146' title='bbox 1075 3035 1291 3088; x_wconf 91' lang='lat' dir='ltr'><strong>aunum</strong></span> <span class='ocrx_word' id='word_1_147' title='bbox 1329 3022 1391 3078; x_wconf 89' lang='lat' dir='ltr'><strong>et</strong></span> <span class='ocrx_word' id='word_1_148' title='bbox 1416 3017 1724 3077; x_wconf 85' lang='lat' dir='ltr'><strong>dimidium</strong></span> <span class='ocrx_word' id='word_1_149' title='bbox 1752 3018 2096 3079; x_wconf 77' lang='lat' dir='ltr'><strong>exercendis</strong></span> <span class='ocrx_word' id='word_1_150' title='bbox 2122 3019 2349 3080; x_wconf 86' lang='lat' dir='ltr'><strong>viribus</strong></span> <span class='ocrx_word' id='word_1_151' title='bbox 2375 3020 2524 3080; x_wconf 88' lang='lat' dir='ltr'><strong>meis</strong></span> 
     </span>
     <span class='ocr_line' id='line_1_22' title="bbox 502 3114 2522 3194; baseline -0.001 -16"><span class='ocrx_word' id='word_1_152' title='bbox 502 3135 743 3194; x_wconf 86' lang='lat' dir='ltr'><strong>operam</strong></span> <span class='ocrx_word' id='word_1_153' title='bbox 785 3115 968 3175; x_wconf 84' lang='lat' dir='ltr'><strong>dedit.</strong></span> <span class='ocrx_word' id='word_1_154' title='bbox 1030 3114 1124 3174; x_wconf 83' lang='lat' dir='ltr'><strong>Ex</strong></span> <span class='ocrx_word' id='word_1_155' title='bbox 1162 3131 1234 3174; x_wconf 87' lang='lat' dir='ltr'><strong>eo</strong></span> <span class='ocrx_word' id='word_1_156' title='bbox 1274 3119 1471 3175; x_wconf 83' lang='lat' dir='ltr'><strong>autem</strong></span> <span class='ocrx_word' id='word_1_157' title='bbox 1513 3131 1776 3193; x_wconf 89' lang='lat' dir='ltr'><strong>numero,</strong></span> <span class='ocrx_word' id='word_1_158' title='bbox 1817 3116 1920 3191; x_wconf 88' lang='lat' dir='ltr'><strong>qui</strong></span> <span class='ocrx_word' id='word_1_159' title='bbox 1959 3116 2022 3176; x_wconf 93' lang='lat' dir='ltr'><strong>in</strong></span> <span class='ocrx_word' id='word_1_160' title='bbox 2053 3114 2166 3177; x_wconf 83' lang='lat' dir='ltr'><strong>hac</strong></span> <span class='ocrx_word' id='word_1_161' title='bbox 2194 3117 2522 3178; x_wconf 86' lang='lat' dir='ltr'><strong>litterarum</strong></span> 
     </span>
     <span class='ocr_line' id='line_1_23' title="bbox 502 3210 2522 3290; baseline -0 -15"><span class='ocrx_word' id='word_1_162' title='bbox 502 3214 642 3275; x_wconf 86' lang='lat' dir='ltr'><strong>sede</strong></span> <span class='ocrx_word' id='word_1_163' title='bbox 693 3216 1141 3290; x_wconf 86' lang='lat' dir='ltr'><strong>praeceptorum</strong></span> <span class='ocrx_word' id='word_1_164' title='bbox 1193 3229 1434 3273; x_wconf 89' lang='lat' dir='ltr'><strong>munere</strong></span> <span class='ocrx_word' id='word_1_165' title='bbox 1486 3210 1837 3290; x_wconf 86' lang='lat' dir='ltr'><strong>funguntur,</strong></span> <span class='ocrx_word' id='word_1_166' title='bbox 1889 3213 2092 3273; x_wconf 88' lang='lat' dir='ltr'><strong>audivi</strong></span> <span class='ocrx_word' id='word_1_167' title='bbox 2131 3231 2238 3289; x_wconf 89' lang='lat' dir='ltr'><strong>per</strong></span> <span class='ocrx_word' id='word_1_168' title='bbox 2277 3215 2395 3274; x_wconf 86' lang='lat' dir='ltr'><strong>tria</strong></span> <span class='ocrx_word' id='word_1_169' title='bbox 2434 3231 2522 3274; x_wconf 89' lang='lat' dir='ltr'><strong>se-</strong></span> 
     </span>
     <span class='ocr_line' id='line_1_24' title="bbox 500 3308 2523 3389; baseline 0 -19"><span class='ocrx_word' id='word_1_170' title='bbox 500 3310 748 3371; x_wconf 87' lang='lat' dir='ltr'><strong>mestria</strong></span> <span class='ocrx_word' id='word_1_171' title='bbox 786 3310 1022 3387; x_wconf 85' lang='lat' dir='ltr'><strong>Haupt,</strong></span> <span class='ocrx_word' id='word_1_172' title='bbox 1071 3309 1379 3389; x_wconf 87' lang='lat' dir='ltr'><strong>Huebner‚</strong></span> <span class='ocrx_word' id='word_1_173' title='bbox 1419 3309 1601 3387; x_wconf 79' lang='lat' dir='ltr'><strong>Jaffe,</strong></span> <span class='ocrx_word' id='word_1_174' title='bbox 1641 3308 1982 3388; x_wconf 85' lang='lat' dir='ltr'><strong>Kirchhoff,</strong></span> <span class='ocrx_word' id='word_1_175' title='bbox 2022 3309 2301 3388; x_wconf 86' lang='lat' dir='ltr'><strong>Koepke,</strong></span> <span class='ocrx_word' id='word_1_176' title='bbox 2339 3310 2523 3371; x_wconf 89' lang='lat' dir='ltr'><strong>Treu-</strong></span> 
     </span>
     <span class='ocr_line' id='line_1_25' title="bbox 501 3406 2523 3485; baseline 0 -17"><span class='ocrx_word' id='word_1_177' title='bbox 501 3407 844 3484; x_wconf 83' lang='lat' dir='ltr'><strong>delenburg.</strong></span> <span class='ocrx_word' id='word_1_178' title='bbox 903 3406 1017 3467; x_wconf 86' lang='lat' dir='ltr'><strong>His</strong></span> <span class='ocrx_word' id='word_1_179' title='bbox 1057 3406 1332 3467; x_wconf 88' lang='lat' dir='ltr'><strong>omuibus</strong></span> <span class='ocrx_word' id='word_1_180' title='bbox 1357 3406 1525 3485; x_wconf 85' lang='lat' dir='ltr'><strong>viris,</strong></span> <span class='ocrx_word' id='word_1_181' title='bbox 1565 3423 1812 3482; x_wconf 87' lang='lat' dir='ltr'><strong>quornm</strong></span> <span class='ocrx_word' id='word_1_182' title='bbox 1854 3406 2215 3484; x_wconf 87' lang='lat' dir='ltr'><strong>sempiterna</strong></span> <span class='ocrx_word' id='word_1_183' title='bbox 2244 3407 2401 3484; x_wconf 85' lang='lat' dir='ltr'><strong>apud</strong></span> <span class='ocrx_word' id='word_1_184' title='bbox 2428 3424 2523 3468; x_wconf 92' lang='lat' dir='ltr'><strong>me</strong></span> 
     </span>
     <span class='ocr_line' id='line_1_26' title="bbox 500 3503 1696 3584; baseline -0.003 -18"><span class='ocrx_word' id='word_1_185' title='bbox 500 3504 616 3566; x_wconf 84' lang='lat' dir='ltr'><strong>erit</strong></span> <span class='ocrx_word' id='word_1_186' title='bbox 642 3504 958 3584; x_wconf 83' lang='lat' dir='ltr'><strong>memoria,</strong></span> <span class='ocrx_word' id='word_1_187' title='bbox 997 3520 1259 3566; x_wconf 88' lang='lat' dir='ltr'><strong>summas</strong></span> <span class='ocrx_word' id='word_1_188' title='bbox 1297 3503 1524 3581; x_wconf 82' lang='lat' dir='ltr'><strong>gratias</strong></span> <span class='ocrx_word' id='word_1_189' title='bbox 1562 3521 1696 3582; x_wconf 83' lang='lat' dir='ltr'><strong>ago.</strong></span> 
     </span>
    </p>
   </div>
   <div class='ocr_carea' id='block_1_4' title="bbox 2936 1991 2939 2624">
    <p class='ocr_par' dir='ltr' id='par_1_4' title="bbox 2936 1991 2939 2624">
     <span class='ocr_line' id='line_1_27' title="bbox 2936 1991 2939 2624; baseline 0 0"><span class='ocrx_word' id='word_1_190' title='bbox 2936 1991 2939 2624; x_wconf 95' lang='lat' dir='ltr'><strong> </strong></span> 
     </span>
    </p>
   </div>
  </div>
 </body>
</html>
