2969 4676
1416 377 1503 440 29

442 552 551 636 qui
581 552 907 636 vocantur,
941 550 1087 617 fieta
1117 555 1287 634 sunt,
1316 552 1381 617 in
1414 562 1610 617 unum
1643 551 2019 635 conjungere
2052 568 2247 636 eoque
2278 550 2463 617 modo

440 667 621 751 quasi
650 666 915 732 annales
940 665 1523 750 antiquissimarum
1556 671 1832 734 aetatum
1867 666 2186 753 perficere.
2248 666 2465 751 Neque

442 782 608 847 enim
654 780 938 848 carmina
982 781 1191 865 inodo,
1238 794 1401 866 quae*
1444 787 1591 848 sunt
1636 782 1794 868 cycli
1830 784 2013 868 epici,
2061 783 2128 848 in
2160 782 2277 848 hoc
2308 800 2464 868 opu-

442 896 615 962 sculo
683 903 1148 980 memorantur,
1216 895 1327 962 sed
1385 898 1576 963 etiam
1635 896 1899 963 aliorum
1959 898 2336 984 scriptorum
2403 901 2467 962 et

440 1016 773 1098 poetarum
820 1017 882 1078 et
927 1013 1479 1094 grammaticorum
1524 1014 1800 1094 nomina,
1849 1013 2073 1097 quibus
2105 1011 2465 1079 auctoribus

441 1125 867 1212 Apollodorus
930 1126 1179 1193 fabulas
1235 1129 1632 1214 exposuerit,
1689 1129 2046 1194 laudantur.
2127 1125 2216 1193 Ut
2270 1127 2467 1209 igitur

441 1242 649 1308 brevi-
684 1240 1243 1328 comprehendam,
1313 1243 1548 1318 κύκλος
1610 1240 1921 1327 ἱστορικὰς
1988 1241 2462 1325 intelligendum

443 1361 541 1424 est
572 1352 734 1433 'illud
766 1377 946 1442 opus,
993 1377 1114 1442 quo
1148 1360 1430 1424 veterum
1462 1357 1709 1425 fabulae
1741 1358 2015 1424 directae
2046 1357 2125 1423 ad
2158 1356 2464 1423 rationem

440 1488 682 1555 eorum,
726 1491 889 1555 quae
920 1473 984 1536 in
1016 1472 1191 1556 cyclo
1220 1473 1398 1558 epico
1430 1474 1667 1555 insunt,
1713 1479 1935 1539 auctae
1966 1478 2154 1556 atque
2186 1476 2465 1538 mutatae

442 1584 583 1652 aliis
636 1604 718 1651 ex
779 1568 998 1671 quovis
1058 1587 1436 1672 scriptorum
1491 1606 1721 1669 genere
1766 1588 1983 1674 petitis
2019 1586 2339 1671 juventuti
2384 1585 2462 1649 ad

438 1700 806 1767 discendum
864 1703 1365 1768 sint-institutae
1411 1707 1601 1787 atque
1646 1703 2003 1769 adornatae.
2074 1701 2226 1767 Tale
2270 1701 2465 1766 fuisse

441 1816 811 1902 Apollodori
858 1836 1016 1901 opus
1060 1817 1311 1882 videtur
1351 1817 1507 1881 mihi
1539 1804 1744 1901 primo
1775 1817 1959 1900 hujus
1990 1814 2463 1904 epigrammatis

443 1951 627 1997 versu
656 1929 1018 2013 significari.
1084 1930 1261 2008 Quod
1294 1932 1348 1996 si
1380 1936 1645 2016 statuas,
1680 1932 1951 1997 maxime
1982 1930 2213 2012 singuli
2245 1946 2463 1995 versus

442 2050 590 2112 sunt
632 2048 800 2115 inter
844 2067 911 2113 se
957 2053 1369 2128 congruentes
1415 2053 1604 2131 atque
1650 2046 2112 2129 convenientes,
2158 2050 2250 2129 ut,
2298 2044 2464 2130 quod
2514 2041 2528 2052 ’

442 2162 732 2226 universe
782 2162 989 2246 primo
1034 2181 1222 2229 versu
1268 2162 1691 2245 significatur,
1751 2161 2012 2243 singulis
2058 2159 2463 2243 carminibue‚

444 2295 521 2342 ex
564 2275 794 2360 quibus
839 2276 1065 2353 κύκλος
1110 2275 1519 2354 παιδευτικὸς
1566 2281 1843 2361 constat,
1890 2275 2272 2343 enumeratis
2316 2273 2461 2340 illu-

442 2396 681 2457 stretur
724 2410 798 2457 ac
841 2390 1191 2459 declaretur
1222 2394 1460 2459 'ceteris
1508 2392 1810 2459 versibus

579 2505 712 2585 Quo
756 2509 1101 2575 constituto
1143 2508 1223 2573 ad
1271 2509 1664 2594 propositum
1695 2507 2043 2573 redeamus.
2111 2505 2232 2572 Est
2258 2506 2460 2574 mani-

440 2621 671 2688 festum
740 2621 913 2687 nullo
971 2621 1156 2686 modo
1209 2642 1398 2706 posse
1452 2622 1625 2706 fieri,
1695 2628 1766 2686 ut
1825 2627 1889 2687 et
1941 2621 2078 2687 loco
2133 2620 2342 2688 Photii
2397 2625 2462 2686 et

444 2737 897 2823 epigrammate
940 2735 1107 2802 idem
1156 2755 1314 2821 opus
1346 2736 1763 2820 significatum
1796 2736 1897 2802 sit.
1964 2734 2262 2814 Quamvis
2292 2736 2456 2801 enim

442 2851 685 2917 occulta
731 2851 859 2916 sint
889 2856 953 2915 et
981 2852 1159 2934 quasi
1197 2850 1478 2918 involuta
1508 2857 1717 2918 cetera
1745 2850 1954 2917 Photii
1987 2852 2199 2935 verba,
2245 2856 2457 2919 tamen

440 2985 557 3051 per
610 2985 680 3032 se
735 2965 875 3052 ipsa
929 2971 1079 3032 eunt
1133 2965 1446 3052 pellucida
1503 2972 1567 3033 et
1629 2968 1963 3053 perspicua
2017 2965 2128 3031 illa
2183 2962 2458 3049 σύνοψις

442 3079 511 3145 δ’
542 3082 675 3147 ἐστὶ
715 3078 796 3145 τοὶ
845 3080 1056 3147 πολλὰ
1098 3084 1217 3146 τοῦ
1255 3083 1514 3166 βιβλίου
1557 3077 1680 3149 οὐκ
1713 3084 2021 3168 ἄχρηστος
2051 3091 2185 3156 τοῖς
2213 3079 2293 3144 τοὶ
2326 3103 2457 3145 πα-

443 3192 596 3260 λαιά
664 3195 770 3260 ἐπὶ
835 3193 1088 3283 μνήμης
1152 3196 1322 3279 ἔχειν
1377 3197 1588 3278 λόγων
1642 3202 2240 3282 μεταποιουμένοιςε
2300 3215 2458 3280 quae

442 3311 700 3376 minime
746 3310 1038 3377 videntur
1081 3311 1236 3377 mihi
1283 3311 1362 3377 ad
1408 3312 1724 3377 notionem
1772 3312 2007 3378 κύκλου
2048 3311 2459 3378 παιδευτικοῦ

441 3426 839 3513 respondere.
918 3425 1091 3504 Quae
1136 3428 1419 3511 quaestio
1468 3433 1532 3493 et
1576 3428 1948 3510 gravissima
1993 3433 2058 3493 et
2088 3425 2457 3493 difficillima

442 3542 613 3607 varie
644 3561 700 3614 ,a
743 3542 899 3606 viris
945 3541 1146 3609 doctis
1190 3546 1582 3608 tentata‘est.
1650 3542 1859 3627 Atque
1890 3540 2172 3626 Heynius
2205 3540 2455 3626 quidem

438 3656 507 3721 in
552 3661 884 3723 comment.
917 3655 995 3721 de
1033 3655 1242 3743 Apoll.
1276 3656 1425 3725 bibl.
1458 3676 1602 3743 pag.
1627 3655 1790 3722 XLI.
1864 3655 2269 3741 „Poemation
2317 3656 2455 3740 hoc,

438 3771 666 3855 inquit,
711 3771 890 3854 cnjus
934 3771 1152 3838 auctor
1194 3772 1405 3838 nescio
1453 3792 1534 3838 an
1570 3772 1760 3838 nimis
1791 3770 2119 3853 magnifiee
2149 3769 2227 3836 de
2256 3768 2455 3856 Apol·

438 3884 639 3952 lodori
670 3885 879 3953 libello
910 3887 1201 3971 senserit,
1220 3887 1356 3971 jam
1380 3886 1643 3954 Photius
1677 3887 1741 3953 in
1772 3901 1886 3952 suo
1915 3884 2127 3952 codice
2149 3882 2452 3969 legerat“.
