2969 4676
1528 389 1570 453 6

529 572 591 633 et
621 565 1045 652 Apollodorus
1091 561 1125 632 ὅ
1161 565 1371 652 ῥήτωρ
1388 563 1454 645 ¹).
1526 565 1710 631 Adde
1742 565 1907 649 quod
1936 565 2339 650 reperiuntur
2370 584 2556 649 saepe

526 682 593 746 in
652 701 842 766 opere
887 678 1189 763 Diogenis
1234 676 1472 747 Laertii
1519 679 1890 766 Apollodori
1945 672 2232 763 quidam,
2287 694 2555 763 quorum

528 794 711 863 alteri
757 815 1103 877 cognomen
1151 799 1249 861 est
1277 790 1734 878 Atheniensi²)‚
1781 794 1960 859 alteri
1992 786 2397 879 Epie'ureo')2
2445 795 2554 858 sed

530 931 607 977 ex
655 930 915 995 operum
961 887 1174 976 titulis*
1208 910 1395 995 plane
1441 909 1845 975 manifestum
1890 908 1965 975 fit
2009 909 2290 975 diverses
2333 928 2476 974 esse
2519 904 2558 973 a

526 1029 744 1091 nostro
800 1024 1207 1110 Apollodoro.
1294 1023 1622 1091 Postremo
1678 1024 2047 1109 Apollodori
2106 1022 2366 1108 pictoris
2420 1042 2557 1088 esse

529 1139 686 1204 illud
741 1158 780 1204 a
824 1138 1048 1205 Photio
1108 1160 1157 1205 s.
1189 1160 1249 1205 v.
1300 1138 1695 1225 σκιογροὶφος
1756 1140 2032 1223 positum
2089 1133 2375 1223 Hey'nius
2422 1138 2556 1221 jam

530 1253 861 1320 intellexit.
930 1253 1267 1338 Difficilius
1315 1258 1523 1319 autem
1575 1273 1680 1319 eos
1728 1259 1825 1319 est
1855 1273 1894 1317 a
1927 1250 2142 1318 nostro
2173 1252 2556 1337 Apollodoro

531 1369 948 1453 distinguere,
1007 1370 1114 1454 qui
1174 1374 1284 1434 aut
1335 1368 1508 1435 nullo
1555 1370 1924 1450 cognomine
1972 1369 2259 1453 apposito
2303 1389 2348 1433 a
2391 1372 2559 1449 vete-

532 1485 706 1551 ribus
753 1484 1090 1548 laudantur
1136 1489 1244 1549 aut
1287 1484 1354 1549 in
1400 1483 1626 1549 iisdem
1675 1484 1900 1549 studiis
1948 1485 2182 1549 versati
2228 1488 2392 1551 sunt.

667 1599 875 1682 Atque
922 1599 1166 1683 primus
1215 1598 1465 1682 quidem
1515 1599 1581 1662 in
1628 1597 1904 1664 medium
1952 1598 2374 1683 Apollodorus
2422 1599 2560 1681 qui-

534 1714 678 1779 dam
727 1714 1174 1795 grammaticus
1218 1713 1465 1796 veniat,
1523 1714 1630 1797 qui
1678 1710 2036 1798 Cyrenaeus
2083 1717 2359 1778 vocatur.
2441 1712 2560 1791 Qui

533 1836 644 1899 aut
699 1830 808 1894 ubi
864 1833 975 1893 aut
1029 1827 1254 1910 quibus
1312 1812 1702 1913 temporibus
1746 1824 2061 1912 floruerit,
2117 1824 2274 1892 nihil
2319 1833 2559 1894 eertum

535 1951 632 2011 est
678 1942 1222 2029 exploratumque,
1269 1962 1407 2008 oum
1459 1932 1707 2025 singula
1751 1945 2104 2025 fragmenta
2146 1941 2280 2008 sola
2310 1944 2563 2009 nomine

534 2059 667 2145 ejus
725 2044 1012 2143 apposito
1072 2057 1251 2123 nobis
1313 2062 1563 2122 servata
1624 2058 1769 2122 sint.
1852 2046 2023 2134 Quae
2070 2064 2354 2140 exstant,
2405 2059 2564 2124 haeo

537 2168 702 2240 sunt.
770 2171 1070 2255 Legimus
1114 2172 1181 2236 i‘n
1221 2170 1656 2256 Etymologioo
1689 2170 1916 2254 Magno
1966 2193 2015 2238 s.
2045 2193 2102 2238 v.
2145 2173 2562 2256 Βωμολόχοιε

535 2290 1010 2375 Μεταφορικῶς
1057 2287 1131 2353 δὲ
1161 2293 1271 2351 καὶ
1301 2280 1363 2352 οἳ
1392 2278 1854 2373 παραπλησίως
1888 2290 2135 2364 τούτοις
2168 2291 2356 2354 ἕνεκα
2387 2286 2563 2375 ω’φὲ-

537 2404 712 2478 natac
757 2404 901 2468 τινὰ
946 2391 1401 2477 κολακεύοντες
1448 2377 1801 2487 ἄνθρωποι
1832 2399 2087 2468 εὔκολοι
2117 2410 2224 2466 καὶ
2256 2395 2564 2481 ταπεινοὶ,

537 2525 647 2583 καὶ
691 2520 823 2583 πᾶν
872 2516 1088 2583 ὁτιοῦν
1119 2510 1554 2604 ὕπομένοντες
1600 2517 1705 2581 ἐπὶ
1750 2518 1980 2602 κέρδει,
2030 2516 2141 2582 διὰ
2171 2522 2285 2583 τοῦ
2320 2520 2565 2594 παίζειν

438 2687 447 2696 ,
536 2657 605 2698 τε
650 2637 759 2697 καὶ
806 2629 1138 2697 σκώπτειν.
1218 2631 1384 2697 ὅθεν
1430 2637 1536 2695 καὶ
1590 2631 2073 2717 βωμακεύματα
2101 2627 2227 2697 ’καὶ
2270 2634 2566 2716 βωμολο-

537 2748 850 2832 χεύματα.
907 2744 1036 2811 Ἔτι
1085 2747 1157 2811 δὲ
1202 2754 1308 2810 καὶ
1339 2745 1401 2812 οἳ
1433 2737 2104 2832 παραλαμβανόμενοι
2134 2759 2272 2822 ταῖς
2305 2751 2567 2821 θυσίαις

540 2861 814 2947 αὐληταὶ
842 2881 843 2884 ’
871 2868 979 2926 καὶ
1034 2863 1310 2945 μάντεις.
1381 2859 1873 2946 Ἀπολλόδωρος
1923 2866 1994 2929 δὲ
2040 2862 2078 2927 ὅ
2127 2853 2484 2948 Κυρηναῖος
2530 2859 2566 2927 ὃ

540 2976 931 3070 saiwaima&
978 2982 1085 3041 καὶ
1129 2975 1573 3054 γελωτοποιός.

675 3092 865 3177 Apud
899 3089 1158 3157 Suidam
1205 3112 1253 3156 S.
1282 3112 1339 3156 V.
1374 3092 1700 3177 ἄντικρυς·
1748 3096 2101 3168 κατέναντι,
2149 3091 2220 3170 ἓξ
2252 3092 2567 3169 ἐναντίας.

540 3201 605 3288 οἳ
651 3208 725 3273 δὲ
767 3201 1265 3292 γλωσσογράφοι
1311 3213 1419 3270 καὶ
1454 3205 1950 3292 Ἀπολλόδωρος
1995 3197 2030 3271 ὅ
2066 3197 2421 3292 Κυρηναῖος
2460 3214 2569 3271 καὶ

542 3311 727 3405 ἕτὲροὶ
774 3342 936 3408 φασι
982 3322 1241 3408 δηλοῦν.
1319 3329 1427 3388 καὶ
1471 3321 1596 3406 γὰρ
1646 3315 1992 3416 διάμπερες
2038 3328 2150 3384 καὶ
2191 3320 2387 3397 οῑθύς
2427 3343 2563 3407 sqq.

632 3447 641 3454 '
678 3437 866 3523 Ap'ud
900 3437 1164 3503 eundem
1199 3458 1247 3503 s.
1268 3457 1328 3503 v.
1360 3434 1862 3520 βδελύττεσθαι·
1909 3433 2374 3518 μυσάττεοθαι,
2406 3449 2567 3503 ναυ-

651 3648 694 3713 1)
744 3646 926 3698 Strabo
962 3647 1105 3709 XIII,
1144 3664 1203 3712 pe
1216 3646 1335 3697 625.

652 3734 696 3800 ²)
746 3735 1004 3800 Diogenes
1033 3735 1264 3786 Laertius
1295 3735 1337 3795 1,
1362 3751 1412 3800 p.
1429 3732 1513 3784 60.
1563 3731 1650 3795 VI,
1676 3733 1763 3785 39.
1777 3732 1868 3784 40.
1894 3735 1980 3785 41.
2012 3733 2129 3787 102.
2159 3736 2276 3786 118.
2306 3734 2422 3788 121.
2452 3734 2569 3786 125.

553 3824 668 3875 129.
701 3825 816 3876 135.
849 3824 965 3875 140.
997 3824 1113 3874 142.
1145 3824 1260 3874 150.
1286 3823 1372 3873 54.
1398 3822 1483 3873 64.
1510 3821 1595 3873 84.
1627 3822 1743 3873 143.
1774 3822 1890 3874 157.
1917 3823 2038 3874 181.

653 3911 701 3979 ⁸)
747 3913 1004 3979 Diogenes
1039 3911 1271 3963 Laertius
1307 3910 1446 3973 vm,
1476 3908 1558 3962 18.
1584 3910 1668 3962 50.
1723 3909 1816 3974 ΙΧ,
1847 3912 1892 3963 1.
1923 3912 2003 3962 10.
2028 3909 2115 3963 25.

2931 74 2946 159 ..ε
