2969 4676
1442 330 1482 396 7

448 510 609 584 τιᾶν,
658 507 1213 593 ἀποστρέφεσθαι.
1288 501 1783 589 Ἀπολλόδωρος
1832 515 2186 592 Κυρηναῖος
2237 520 2471 590 μισεῖν·

446 619 577 688 ἀπὸ
636 624 866 689 τούτου
920 629 1027 688 καὶ
1070 623 1426 705 βδελυγμία
1474 616 1610 686 οἷπὸ
1656 624 1770 688 τοῦ
1814 626 2037 706 μίσους
2082 628 2192 686 καὶ
2235 621 2272 706 ἦ
2317 624 2472 704 ,⁹11⁶-

448 738 659 822 λυρία.
1100 712 1104 719 ⁴
1499 746 1504 757 ‘

579 849 770 937 Apud
813 851 1209 918 Athenaeum
1255 848 1364 914 XI.
1414 846 1595 935 Gapt.
1623 852 1738 915 74:
1807 853 2100 928 Μαστός·
2150 848 2470 915 binensi-

449 958 656 1051 δωρος
713 961 751 1030 ὃ
796 972 1179 1052 Κυρηναῒος,
1242 963 1328 1040 ὡς
1379 966 1731 1050 Πάμφιλός
1788 981 1973 1049 φησι,
2040 968 2340 1050 Παφίους
2395 960 2468 1028 τὸ

448 1081 755 1164 ποτήριον
798 1080 964 1145 οὕτω
1013 1080 1252 1145 καλεῖν.
1317 1077 1417 1144 Ex
1465 1080 1563 1144 his
1592 1078 2047 1164 Apollodorum
2080 1078 2470 1164 Cyrenaeum

447 1193 513 1258 in
568 1196 1121 1275 grammaticorum
1170 1213 1439 1267 ¹numero
1497 1194 1895 1261 referendum
1943 1212 2078 1259 esse
2133 1212 2470 1278 rerumque

446 1309 802 1375 nominibus
858 1309 1350 1394 interpretandis
1408 1328 1665 1394 operam
1725 1309 1972 1374 dedisse
2017 1309 2468 1390 cognoscimus.

446 1421 727 1507 Itemque
772 1423 1196 1509 Apollodorus
1241 1422 1648 1489 Atheniensis
1696 1424 2137 1490 vocabulorum
2185 1424 2470 1488 notiones

447 1538 859 1623 explicavisse
906 1536 1155 1605 dieitur.
1213 1537 1576 1603 Athenaeus
1592 1535 1635 1619 ¹)
1683 1538 1849 1604 enim
1881 1539 2086 1605 tribus
2113 1538 2268 1603 locis
2300 1556 2471 1604 eom-

446 1659 755 1721 memorat
797 1652 1054 1737 librum,
1096 1654 1208 1737 qui
1255 1659 1398 1735 περὶ
1440 1653 1869 1736 ἐτυμολογιῶν
1909 1654 2250 1738 inscriptus
2282 1658 2469 1736 esset,

446 1768 527 1834 ab
557 1786 633 1834 eo
675 1769 1092 1854 compositum
1140 1786 1297 1833 esse.
1366 1766 1585 1851 Itaque
1632 1769 1926 1852 quoniam
1971 1775 2235 1852 uterque
2265 1769 2333 1833 in
2365 1787 2469 1833 eo-

447 1883 589 1950 dem
634 1889 922 1949 versatus
968 1900 1105 1948 esse
1162 1880 1424 1965 dieitur,
1481 1882 1714 1949 factum
1774 1890 1901 1965 est,
1958 1889 2030 1947 ut
2074 1883 2241 1966 quod
2284 1883 2470 1949 unius

446 2003 634 2080 esset,
681 1999 746 2063 in
794 1996 1060 2063 alterum
1109 2017 1148 2061 a
1179 1997 1333 2062 viris
1379 1997 1579 2063 doctis
1608 1998 2077 2063 transferretur.
2145 1997 2358 2081 Atque
2397 2002 2472 2063 ut

446 2112 592 2178 hine
648 2112 981 2197 incipiam,
1038 2111 1323 2196 Heynius
1377 2112 1656 2196 dubitat,
1711 2133 1789 2178 an
1857 2113 1969 2177 illa
2026 2112 2250 2195 verba,
2310 2132 2469 2195 quae

447 2225 773 2292 Athenaeo
820 2232 981 2293 teste
1024 2225 1148 2309 XI,
1181 2228 1265 2292 74
1312 2227 1389 2293 ab
1436 2226 1822 2312 Apollodoro
1869 2226 2188 2312 Cyrenaeo
2235 2228 2471 2311 scripta

446 2342 597 2426 sint,
645 2342 1015 2408 Atheniensi
1062 2341 1397 2424 attribuat,
1442 2348 1685 2425 motuS,
1732 2342 1897 2427 quod
1942 2343 2152 2427 paullo
2201 2348 2345 2408 ante
2391 2343 2469 2409 ab

448 2456 770 2524 Athenaeo
829 2478 907 2525 ex
966 2458 1220 2543 scriptis
1265 2456 1635 2541 Apollodori
1690 2458 2010 2541 eujusdam
2028 2508 2047 2541 ,
2103 2477 2288 2542 quem
2333 2458 2470 2542 ipse

446 2572 896 2639 Atheniensem
954 2592 1093 2638 esse
1146 2573 1502 2654 existimat,
1559 2572 1751 2638 verba
1805 2571 2178 2656 laudantur,
2244 2572 2469 2656 quibus

448 2688 611 2772 quod
644 2687 869 2774 Paphii
918 2686 1139 2772 poeulo
1185 2706 1414 2751 nomen
1456 2685 1766 2769 dederint,
1814 2687 2103 2752 traditur.
2173 2687 2471 2769 Legimus

449 2804 614 2869 enim
663 2802 832 2888 apud
878 2801 1273 2867 Athenaeum
1320 2801 1504 2866 haee:

580 2916 703 3000 XI,
736 2917 852 2982 64:
910 2912 1126 3000 κύρβα
1181 2914 1492 2999 ποτήριον
1527 2913 2026 2998 Ἀπολλόδωρος
2070 2920 2359 3001 Παφίοις
2406 2922 2470 2982 et

446 3031 628 3117 Capt.
655 3033 771 3098 65:
802 3028 1304 3117 Ἀπολλόδωρος
1350 3025 1419 3095 δ’
1448 3031 1521 3095 ἓν
1552 3031 1640 3118 τῷ
1686 3038 1829 3114 περὶ
1858 3030 2288 3115 ἐτυμολογιῶν
2322 3037 2468 3094 Πα-

448 3151 639 3230 φίους
680 3145 755 3210 τὸ
798 3147 1104 3231 ποτήριον
1149 3145 1370 3210 καλεῖν
1412 3141 1648 3228 κύμβα.

579 3260 666 3325 Et
710 3260 890 3345 Capt.
930 3262 1043 3328 74:
1111 3260 1380 3342 μαστός·
1446 3256 1940 3341 Ἀπολλόδωρος
1994 3253 2029 3323 ὅ
2091 3266 2467 3344 Κυρηναῖος,

447 3372 533 3449 ὥς
570 3373 925 3461 Πάμφιλός
970 3392 1146 3460 φησι,
1195 3379 1500 3458 Παφίους
1545 3370 1617 3437 τὸ
1665 3375 1968 3459 ποτήριον
2015 3373 2179 3442 οὕτω
2227 3374 2467 3438 acal-ew.

580 3488 812 3574 Heynii
859 3490 1170 3555 sententia
1216 3490 1270 3553 si
1301 3509 1450 3556 vera
1481 3494 1669 3572 esset,
1717 3489 1780 3553 hi
1811 3493 1940 3554 tres
1970 3488 2113 3572 loci,
2161 3489 2268 3572 qui
2299 3488 2468 3573 apud

448 3604 843 3670 Athenaeum
902 3609 1187 3686 exstant,
1242 3610 1355 3669 aut
1408 3605 1576 3670 inter
1629 3624 1696 3670 se
1756 3611 2108 3689 pugnarent
2161 3609 2302 3685 aut,
2359 3603 2466 3687 qui

556 3849 599 3914 ι)
645 3848 940 3904 Athenaeus
964 3847 1059 3912 xl,
1083 3849 1133 3900 9.
1177 3848 1319 3911 XIV,
1342 3848 1464 3901 663.
1511 3848 1579 3911 Π,
1603 3847 1689 3901 63.
