2969 4676
1400 350 1444 414 9

411 527 694 612 scriptus,
713 531 901 609 esset,
932 527 1011 593 ab
1044 546 1115 592 eo
1148 526 1497 592 eonfeetum
1531 545 1670 591 esse
1699 524 2016 608 existimo,
2048 526 2159 590 sed
2189 530 2432 609 partem

410 643 604 708 totius
651 642 860 726 operis
906 647 1051 727 περὶ
1095 642 1406 726 κρατῆρος
1453 638 1826 724 inscriptam
1871 659 2030 705 esse.
2125 638 2250 707 Sed
2296 639 2432 721 jam

310 800 315 805 -
410 756 817 843 aperiendum
876 761 1005 840 est,
1062 756 1210 840 quid
1267 774 1383 837 ego
1428 759 1725 821 statuam.
1813 744 2129 823 Existimo
2175 756 2433 823 tertium

409 872 590 938 illum
636 871 867 955 locum,
918 892 1040 956 quo
1084 870 1311 957 Paphii
1356 870 1581 956 poeulo
1610 869 1868 952 Δμοισινοίς
1909 888 2139 937 nomen
2187 869 2434 939 (16111330

410 987 722 1070 dicantur,
770 987 903 1069 ejus
949 1007 1110 1070 esse,
1156 988 1257 1053 eui
1289 986 1368 1053 ab
1397 986 1724 1079 Athenaeo
1756 985 2167 1068 adjudicetur.
2226 983 2437 1070 Opera

410 1102 623 1169 dedita
666 1102 1030 1169 Athenaeus
1073 1102 1463 1187 Apollodoro
1517 1121 1746 1167 nomen
1792 1100 2025 1183 gentile
2071 1098 2434 1183 adjunxisse

269 1208 280 1218 ⁴
410 1216 661 1285 videtur
704 1217 896 1301 mihi,
954 1238 1034 1284 ne
1087 1217 1309 1302 gentili
1353 1218 1586 1285 omisso
1631 1217 1739 1283 ille
1784 1215 1945 1282 alter
1987 1214 2433 1300 Apollodorum

411 1333 518 1417 qui
570 1331 957 1417 Paphiorum
1026 1335 1250 1418 poculo
1319 1352 1548 1401 nomen
1616 1328 1831 1415 κύμβα
1895 1331 2091 1397 fuisse
2146 1331 2433 1414 dixisset,

410 1464 621 1513 seeum
667 1448 806 1535 ipse
852 1453 1178 1533 pugnaret.

544 1560 866 1647 Sequitur,
910 1568 984 1630 ut
1028 1564 1376 1647 videamus,
1422 1564 1564 1647 quis
1611 1563 1697 1630 sit
1739 1562 1870 1646 ille,
1915 1562 2024 1646 qui
2065 1562 2132 1627 in
2165 1498 2434 1628 801101113

410 1676 626 1745 iliadis
683 1675 1177 1765 Ἀπολλόδωρος
1243 1681 1315 1744 ἐν
1379 1678 1697 1760 γλώσσαις
1766 1683 2042 1744 vocatur.
2133 1675 2434 1759 Legimus

410 1793 576 1859 ethim
623 1794 701 1859 in·
737 1792 943 1861 Sehol.
978 1794 1156 1861 Iliad.
1183 1795 1235 1878 I·,
1268 1793 1343 1858 V.
1381 1796 1535 1859 148:
1575 1791 1778 1859 οὐδὲν
1823 1792 2050 1869 ἔτισας,
2096 1788 2437 1867 πλεονάζει

410 1905 481 1972 τὸ
555 1908 698 1985 δέν,
771 1910 1153 1991 ἱσοδυναμετ
1198 1907 1327 1993 γὰρ
1385 1911 1474 1995 τῷ
1529 1906 1648 1975 οὐκ
1706 1906 1937 1982 ἔτισας.
2021 1902 2435 1993 Ἀρίσταρχος

412 2024 752 2107 παρέλκειν
809 2023 977 2103 λέγει
1020 2021 1090 2089 τὸ
1140 2024 1273 2089 δέν.
1344 2021 1840 2105 Ἀπολλόδωρος
1861 2024 1959 2088 ’δὲ
2003 2022 2075 2087 ἐν
2117 2022 2436 2101 γλώσσαις

410 2139 579 2203 εἶναι
621 2135 693 2203 τὸ
743 2138 997 2224 πλῆρες,
1044 2137 1204 2205 οὐδὲ
1246 2143 1334 2204 ἓν.
1405 2137 1679 2205 Potitum
1715 2138 1862 2204 inde
1890 2139 2053 2204 forte
2083 2142 2181 2203 631
2209 2136 2292 2220 II,
2316 2138 2432 2203 95:

411 2250 612 2317 πάλιν
668 2254 1109 2337 τροπάασθαι.
1199 2259 1422 2330 Νικίας
1491 2250 1608 2338 ὑφ’
1650 2257 1738 2319 ἓν·
1779 2251 2042 2331 α’νέγνω·
2089 2252 2434 2334 παλιντρο-

411 2368 736 2434 πάασθαι.
799 2363 1295 2453 Ἀπολλόδωρος
1326 2370 1418 2446 δὲ,
1447 2367 1614 2465 aequi
1645 2369 1962 2434 διάλυσιν.
2017 2366 2247 2448 XXIV,
2278 2370 2433 2434 110:

455 2527 470 2547 .
497 2527 512 2547 .
538 2529 552 2547 .
595 2481 994 2569 προτιάπτω.
1056 2482 1555 2568 Ἀπολλόδωρος
1596 2532 1611 2548 .
1639 2532 1656 2547 .
1682 2530 1697 2548 .
1721 2532 1739 2548 .
1773 2481 1885 2550 διὰ
1915 2485 2029 2549 τοῦ
2058 2510 2091 2549 ἰ
2121 2483 2237 2568 τὴν
2269 2480 2433 2569 πρό-

409 2602 602 2663 &ww
644 2595 992 2683 γράφουσι.

543 2705 827 2800 Heynius
871 2714 1053 2780 illum
1098 2716 1295 2781 fuisse
1323 2714 1784 2800 Apollodorum
1812 2714 2265 2781 Atheniensem
2297 2717 2434 2782 exi-

410 2829 648 2896 stimat.
713 2829 886 2896 Idem
920 2830 1108 2896 etiam
1139 2830 1345 2914 illum,
1376 2830 1483 2914 qui
1516 2849 1554 2896 a
1576 2829 1858 2898 Varrone
1886 2829 2204 2913 laudatur,
2235 2830 2435 2916 Apol-

409 2944 695 3012 lodorum
723 2945 1178 3012 Atheniensem
1203 2966 1341 3012 6336
1364 2945 1610 3010 statuit.
1661 2943 1992 3028 ᾖΡο11161·6,
2022 2945 2249 3029 inquit,
2280 2945 2437 3013 haee

409 3059 479 3125 in
521 3058 939 3144 Etymologiis
997 3058 1390 3128 occurrere“.
1468 3059 1743 3126 Exstant
1788 3061 1954 3126 enim
2002 3060 2171 3145 apud
2201 3059 2435 3128 Varro-

411 3194 554 3239 nem
604 3175 683 3241 de
726 3174 799 3240 L.
832 3174 905 3242 L.
932 3174 1017 3239 V:
1075 3175 1408 3259 „Origines
1454 3176 1824 3258 verborum,
1870 3194 2029 3258 quae
2076 3180 2223 3240 sunt
2267 3175 2436 3244 1000·-

411 3309 551 3356 rum
600 3294 667 3356 et
698 3310 858 3375 quae
888 3291 955 3355 in
985 3291 1107 3374 1113,
1152 3292 1219 3356 111
1251 3291 1461 3375 priore
1492 3290 1652 3356 libro
1686 3290 1939 3375 seripsi3
1985 3291 2051 3355 in
2082 3290 2200 3358 hoe
2229 3291 2436 3358 dieem

410 3406 490 3472 de
534 3404 854 3471 vocabulis
893 3411 1248 3492 temporum
1286 3442 1367 3452 —
1403 3411 1591 3491 atque
1621 3407 1675 3472 si
1708 3426 1834 3491 qua.
1862 3411 2047 3472 erunt
2077 3425 2155 3472 ex
2187 3406 2434 3473 diverso

411 3539 638 3600 genere
670 3519 986 3606 adjuncta,
1016 3523 1229 3607 potius
1260 3522 1615 3604 cognationi
1647 3522 2006 3604 verborum,
2035 3541 2226 3605 quam
2257 3523 2435 3589 audi-

411 3637 536 3701 tori
566 3636 1000 3721 calumnianti,
1030 3657 1320 3719 geremus
1350 3656 1611 3703 morem.
1674 3635 1877 3718 Hujus
1907 3637 1999 3702 rei
2033 3642 2250 3704 auctor
2279 3639 2435 3706 satis

410 3750 568 3818 mihi
599 3750 993 3838 Chrysippus
1036 3759 1101 3819 et
1129 3753 1490 3838 Antipater,
1535 3758 1600 3817 et
1642 3751 1760 3834 illi,
1807 3752 1872 3818 in
1904 3752 2130 3836 quibus
2159 3753 2278 3819 etsi
2308 3773 2436 3822 non

412 3871 659 3933 tantum
695 3868 1026 3951 3001111013,
1073 3873 1181 3935 631·
1199 3868 1342 3954 plus
1373 3868 1760 3936 litterarum:
1806 3869 1874 3936 in
1904 3888 2027 3953 quo
2059 3873 2157 3935 est
2184 3869 2434 3936 Aristo-
