2969 4676
1509 358 1591 423 10

536 536 785 622 phanes
831 543 894 601 et
937 534 1389 621 Apollodorus:
1444 535 1553 619 qui
1600 554 1816 602 omnes
1863 536 2054 601 verba
2099 556 2176 601 ex
2224 535 2436 602 verbis
2479 536 2573 602 ita

545 648 844 716 declinari
890 650 1193 733 scribunt,
1238 655 1311 714 ut
1356 651 1548 716 verba
1593 649 1839 719 litteras
1885 650 2011 715 alia
2037 650 2398 733 adsumant,
2445 650 2572 715 alia

545 765 862 848 amittant,
908 765 1033 830 alia
1063 763 1512 831 commutent“.
1581 765 1681 831 Ab
1711 764 1981 849 Heynio,
2014 766 2148 830 viro
2181 764 2571 847 doetissimo,
2666 801 2679 810 ·

545 881 601 946 si
647 876 971 962 dissentio,
1017 898 1159 945 meo
1194 879 1340 962 jure
1386 879 1540 945 mihi
1584 880 1650 945 id
1697 880 1903 946 facere
1952 880 2186 946 videor.
2266 878 2327 945 A
2374 878 2573 945 Snida

546 995 713 1061 enim
772 1015 821 1060 s.
865 1014 925 1059 v.
974 995 1268 1079 ἄντικρυς
1323 994 1748 1080 Apollodorus
1775 993 2153 1080 Cyrenaeus
2209 994 2572 1060 nominatur

543 1111 1062 1195 γλωσσογράφος.
1137 1108 1314 1187 Quod
1362 1128 1591 1176 nomen
1637 1129 1779 1176 eum
1826 1129 2138 1195 nusquam
2182 1108 2571 1194 Apollodoro

544 1220 921 1291 Atheniensi
954 1226 1351 1310 imponatur,
1397 1225 1510 1292 illa
1551 1226 1786 1309 omnia,
1829 1225 1936 1291 ubi
1976 1222 2474 1309 Ἀπολλόδωρος
2502 1223 2573 1289 ἐν

544 1340 867 1423 γλώσσαις,
906 1344 1185 1423 vocatur,
1233 1340 1443 1426 potius
1473 1339 2181 1426 Apollodori-Cyrenaei
2213 1339 2352 1405 esse
2382 1356 2571 1422 quam

545 1454 952 1520 Atheniensis
1008 1455 1163 1520 mihi
1211 1455 1534 1521 videntur:
1592 1456 1966 1542 praesertim
2012 1474 2156 1522 oum
2200 1453 2571 1539 Apollodori

546 1569 951 1636 Atheniensis
998 1589 1157 1655 opus
1202 1568 1449 1636 dioatur
1495 1571 1573 1637 ab
1605 1571 1932 1636 Athenaeo
1967 1576 2111 1651 περὶ
2142 1570 2572 1652 ἐτυμολογιῶν

545 1685 920 1769 inscriptum
947 1702 1105 1750 esse.
1152 1684 1294 1751 Huo
1317 1685 1577 1768 aooedit,
1603 1686 1769 1769 quod
1791 1686 1856 1751 in
1881 1684 2316 1771 Etymologioo
2340 1682 2570 1766 Magno

546 1798 655 1865 ille
700 1798 1122 1884 Apollodorus
1169 1799 1529 1885 Cyrenaeus
1574 1801 1935 1867 nominatur
1980 1796 2015 1865 ὃ
2047 1799 2437 1883 εὐτράπελος
2466 1805 2574 1864 καὶ

545 1914 995 1995 γελωτοποιός.
1075 1914 1246 1993 Quae
1306 1916 1499 1982 verba
1544 1917 1600 1981 si
1645 1935 1787 1983 oum
1822 1914 2125 1981 Varronis
2169 1915 2380 1981 verbis
2424 1933 2573 1980 oon*-

548 2029 905 2112 tulerimus,
950 2029 1059 2095 ubi
1103 2030 1170 2094 in
1201 2029 1587 2115 Apollodoro
1635 2030 1906 2114 quodam
1951 2030 2181 2097 dieitur
2224 2030 2574 2116 pluelitto·

548 2163 763 2210 rarum
809 2144 1004 2210 fuisse
1050 2163 1236 2227 quam
1288 2146 1630 2229 acuminis,
1688 2146 1829 2230 quis
1876 2151 2003 2229 est,
2062 2145 2169 2230 qui
2215 2165 2342 2211 non
2386 2144 2574 2210 intel-

547 2260 705 2342 ligat
771 2280 810 2324 a
855 2258 1142 2326 Varrone
1208 2260 1665 2348 Apollodorum
1731 2260 2122 2347 Cyrenaeum
2192 2259 2575 2344 signifioari?

549 2374 721 2452 Quae
784 2378 1096 2441 sententia
1154 2375 1403 2462 videtur
1440 2377 1613 2466 ,mihi
1659 2377 2051 2442 corroborari
2098 2391 2171 2442 ae
2216 2374 2574 2443 oonflrmari

548 2490 700 2573 illis,
748 2509 909 2573 quae
954 2509 992 2555 a
1023 2489 1305 2556 Varrone
1349 2491 1484 2557 loeo
1530 2491 1788 2557 laudato
1811 2491 2025 2557 -allata
2055 2497 2236 2557 sunt:
2281 2492 2391 2576 qui
2421 2491 2575 2557 dieit

550 2606 743 2671 verba
799 2625 878 2671 ex
924 2606 1132 2672 verbis
1180 2607 1257 2673 ab
1303 2606 1689 2693 Apollodoro
1736 2608 1827 2672 ita
1872 2607 2207 2689 declinari,
2267 2611 2339 2672 ut
2381 2606 2575 2672 verba

548 2721 793 2788 litteras
850 2721 976 2786 alia
1020 2728 1380 2805 assumant,
1440 2719 1584 2788 alia'
1609 2723 1943 2806 omittant,
1998 2721 2126 2787 alia
2167 2707 2569 2787 commutent.

550 2836 729 2914 Quod
785 2857 824 2902 a
868 2836 1192 2923 Cyrenaeo
1248 2838 1484 2903 factum
1544 2857 1681 2903 esse
1737 2833 2137 2903 manifestum
2193 2835 2268 2902 fit
2322 2857 2401 2902 ex
2446 2834 2574 2900 illis

549 2952 728 3036 loeis»,
773 2953 881 3018 ubi
922 2951 1414 3036 ’Ἀπολλόδωρος
1462 2952 1532 3015 ἐν
1575 2948 1910 3031 γλώσσαις,
1956 2969 2142 3036 quem
2181 2950 2574 3037 Cyrenaeum

551 3085 690 3133 esse
720 3068 905 3132 modo
937 3067 1237 3149 diximus,
1267 3066 1580 3132 laudatur.
1629 3065 2024 3132 Credendum
2056 3072 2154 3132 est
2184 3063 2575 3151 Cyrenaeum

546 3181 765 3266 illum,
821 3201 1200 3268 quamquam
1257 3181 1392 3248 fieri
1437 3181 1746 3267 potuerit,
1803 3187 1873 3246 ut
1915 3182 1983 3246 in
2026 3181 2137 3247 illo
2182 3181 2434 3247 litterae
2471 3182 2575 3246 in·-

552 3302 785 3382 essent,
833 3318 959 3363 non
1005 3298 1218 3380 magni
1265 3295 1477 3362 tamen
1522 3296 1718 3362 fuisse
1740 3296 1965 3378 judieii
1996 3302 2183 3380 atque
2209 3297 2279 3370 in
2312 3295 2577 3378 singulis

555 3414 765 3480 verbis
810 3412 1300 3499 interpretandis
1346 3411 1554 3492 magis
1579 3411 1645 3475 id
1678 3411 1902 3495 egisse,
1943 3417 2019 3475 ¹ut
2045 3410 2227 3477 docte
2256 3411 2576 3477 videretur

551 3529 836 3595 invenire
850 3578 868 3612 ,
915 3548 1101 3613 quam
1148 3533 1221 3593 ut
1263 3530 1623 3593 versaretur
1669 3530 1959 3592 accurate
2001 3531 2193 3610 atque
2239 3526 2575 3593 subtiliter.

552 3643 727 3722 Quae
784 3663 928 3709 oum
973 3645 1064 3709 ita
1110 3645 1269 3725 sint,
1330 3660 1471 3708 oum
1520 3640 1878 3727 Cyrenaeus
1921 3642 1992 3707 in
2035 3642 2294 3724 iisdem,
2349 3641 2577 3725 quihus

552 3760 994 3844 Atheniensis,
1050 3759 1274 3825 studiis
1317 3761 1606 3823 versatus
1653 3758 1758 3841 sit,
1801 3773 1843 3822 a
1886 3757 2371 3843 posterioribus,
2417 3775 2579 3841 quae

556 3878 705 3940 sunt
746 3874 1032 3958 alterius,
1079 3872 1262 3939 alteri
1308 3873 1628 3968 assignata
1674 3879 1839 3940 sunt.
1915 3871 1957 3937 J
1959 3891 2059 3938 am
2108 3851 2468 3959 Stephanus
2509 3872 2577 3937 in
