2969 4676
1573 401 1615 464 2

576 576 788 663 paullo
832 582 976 662 post
1015 576 1392 642 contrariam
1426 575 1639 640 attulit
1670 574 2016 657 ClavieruS‚
2063 574 2171 638 sed
2204 593 2347 639 cum
2377 594 2601 659 parum

577 692 910 774 diligenter
941 696 1004 757 et
1052 695 1338 756 accurate
1370 688 1742 775 Apollodori
1789 690 2024 774 scripta
2054 694 2386 774 perspecta
2417 698 2602 772 atque

577 806 906 891 explorata
950 806 1231 888 haberet,
1279 825 1315 869 a
1348 825 1496 870 vero
1545 805 1701 869 mihi
1735 804 1981 870 videtur
2028 804 2370 870 aberrasse.
2432 803 2602 868 Inter

576 922 689 987 hos
746 926 1074 1006 tantopere
1129 920 1571 984 dissentientes
1618 919 1862 984 medius
1910 923 2005 983 est
2046 916 2447 1000 WelckeruS,
2495 919 2600 1002 qui

577 1038 864 1121 quamvis
909 1036 1186 1102 breviter
1228 1034 1296 1098 in
1339 1034 1538 1117 libro,
1594 1035 1700 1118 qui
1747 1034 1956 1118 cyclus
2005 1034 2216 1117 epicus
2262 1032 2601 1116 inscriptus

577 1156 692 1233 est,
741 1152 817 1217 de
847 1151 1230 1236 Apollodoro
1279 1149 1570 1231 disserat,
1616 1154 1827 1213 tamen
1873 1148 1951 1213 ad
2000 1168 2156 1231 quas
2201 1147 2475 1212 rationes
2522 1148 2600 1228 ei,

576 1267 683 1351 qui
730 1266 806 1331 de
836 1266 1208 1351 Apollodori
1258 1265 1534 1348 scriptis,
1582 1283 1740 1347 quae
1789 1267 1851 1327 et
1897 1268 2045 1347 quot
2091 1263 2237 1345 sint,
2286 1261 2598 1347 quaestio-

575 1401 717 1445 nem
764 1362 1092 1446 habiturus
1140 1381 1245 1462 sit,
1293 1378 1503 1443 omnia
1534 1377 1883 1442 revocanda
1914 1378 2064 1459 sint,
2112 1377 2388 1461 exponit.
2444 1375 2601 1458 Ejus

575 1496 1012 1561 auctoritatem
1059 1500 1308 1560 secutus
1353 1492 1557 1559 denuo
1603 1492 1777 1561 hanc.
1810 1512 1946 1559 rem
1985 1493 2051 1557 in
2084 1491 2599 1576 disceptationem

575 1614 638 1675 et
684 1609 1110 1692 quaestionem
1158 1625 1382 1673 vocare
1431 1607 1747 1674 constitui.
2148 1601 2150 1604 ⁴

709 1878 881 1959 Quae
939 1882 1016 1946 de
1062 1878 1434 1975 Apollodori
1480 1880 1613 1944 vita
1671 1876 1909 1944 tradita
1955 1878 2343 1963 accepimus,
2401 1896 2603 1962 pauca

576 2002 738 2061 s‘unt.
809 1984 967 2072 Quo'
992 2012 1153 2058 anno
1201 2001 1387 2059 natus
1436 1994 1540 2075 sit,
1588 1994 1932 2058 nescimus.
2000 1991 2376 2077 Asclepiade
2421 1996 2601 2076 patre

573 2095 791 2175 n'atum
826 2126 992 2191 eum,
1016 2127 1158 2173 cum
1192 2107 1591 2190 adolevisset,
1616 2106 2049 2192 philosophiae
2081 2106 2383 2188 magistro
2414 2100 2602 2170 us'um

481 2315 486 2320 .
566 2220 1056 2291 ’esse‘Panaetio
1103 2223 1367 2306 Rhodio,
1408 2223 1865 2304 ‘grammaticae
1894 2219 2538 2286 Aristarcho-Suidas
2554 2217 2599 2300 ¹)

575 2316 916 2405 memoriae
961 2336 1261 2423 prodidit.
1333 2336 1517 2403 Adde
1564 2336 1729 2420 quod
1767 2335 2074 2422 Scymnus
2108 2335 2300 2401 Chius
2349 2334 2424 2400 V.
2454 2329 2603 2416 16²)

577 2475 717 2520 eum
766 2463 910 2520 cum
955 2451 1322 2518 Aristarcho
1370 2447 1717 2534 Diogenem
1766 2451 2045 2516 Stoicum
2094 2451 2409 2516 audivisse
2453 2469 2602 2514 nar-

573 2559 693 2634 rat.
751 2569 812 2633 A
845 2567 1040 2633 Suida
1072 2567 1445 2633 dissentiens
1477 2565 1710 2632 Galeus
1748 2565 1957 2649 „Diss
1985 2566 2061 2631 de
2093 2566 2307 2650 script.
2333 2561 2603 2649 Myth.“‚

576 2703 717 2749 cum
787 2682 1143 2768 Stephanus
1209 2681 1554 2768 Byzantius
1612 2703 1661 2746 s.
1705 2702 1763 2746 v.
1821 2675 2132 2760 Νἰκαιαδ)
2191 2680 2600 2745 Nicaeensem

684 2858 738 2932 1),
776 2856 985 2934 Suidas:
1027 2854 1432 2930 Ἀπολλόδωρος,
1477 2852 1875 2921 Ἀσκληπιάδου,
1925 2851 2330 2929 γραμματικός·
2378 2860 2455 2915 εἷς
2500 2855 2603 2910 τῶν

578 2949 869 2997 Παναιτίου
906 2948 996 2998 τοῦ
1030 2945 1236 2998 Ῥοδίου
1274 2941 1568 3014 φιλοσόφου
1603 2945 1695 2996 καὶ
1734 2939 2065 3016 Ἀριστάρχου
2103 2948 2190 2998 τοῦ
2224 2948 2605 3016 γραμματικοῦ

576 3033 854 3102 μαθητῶν,
883 3031 1155 3097 Ἀθηναῖος
1191 3030 1246 3084 τὸ
1283 3036 1462 3102 γένος·
1504 3024 1623 3101 ἦρξε
1661 3031 1718 3083 δὲ
1755 3032 1965 3102 πρῶτον
2002 3034 2105 3083 τῶν
2142 3030 2509 3105 τραγιάμβων.

676 3117 727 3184 Q)
790 3117 1038 3184 Scymnus
1075 3119 1138 3169 V.
1168 3119 1258 3169 16:
1314 3116 1550 3189 γεγονώς
1601 3117 1853 3183 ἀκουστὴς
1902 3122 2182 3189 Διογένους
2235 3124 2324 3174 τοῦ
2369 3121 2605 3175 immo&

579 3203 971 3277 συνεσχολακώς
1009 3207 1066 3259 δὲ
1101 3204 1267 3261 πολὺν
1297 3202 1611 3281 Ἀριστάρχῳ
1640 3202 1860 3280 χρόνον.

684 3292 727 3359 ⁸)
776 3293 1021 3359 Stephan.
1060 3313 1101 3344 s.
1126 3312 1199 3344 va
1241 3301 1465 3349 Νίκαια·
1508 3296 1601 3355 Ἐξ
1637 3295 1792 3361 αὐτῆς
1820 3295 2073 3364 Ἰσίγονος
2108 3297 2201 3348 καὶ
2239 3292 2605 3361 Ἀσκληπιάδης

580 3382 673 3433 καὶ
700 3384 1005 3452 Παρθένιος
1041 3384 1134 3434 καὶ
1162 3379 1544 3454 Ἀπολλόδωρος
1580 3384 1672 3436 καὶ
1698 3383 2017 3455 Ἐπιθέρσης
2050 3380 2442 3456 γραμματικός.
2493 3384 2603 3443 Quo

578 3468 689 3519 loco
735 3468 1010 3522 Muellerus
1056 3470 1256 3534 Fragm.
1281 3470 1415 3524 Hist.
1452 3470 1634 3524 Graec.
1682 3470 1795 3524 Vol.
1821 3470 1871 3532 1,
1909 3487 2026 3536 pag.
2051 3470 2328 3524 XXXVIII
2373 3471 2605 3535 opinatur

586 3555 978 3621 „Apollodorum
1014 3557 1379 3607 Atheniensem
1412 3557 1796 3625 intelligendum
1818 3575 1949 3619 esse,
1985 3574 2100 3610 cum
2129 3567 2335 3624 propter
2360 3558 2606 3609 Chronica

580 3643 818 3708 Pergami
852 3645 963 3708 regi
1000 3644 1233 3696 dedicata
1255 3645 1538 3700 verosimile
1574 3647 1642 3700 sit
1675 3664 1792 3700 eum
1826 3646 2010 3698 diutius
2036 3646 2256 3706 Nicaeae
2289 3646 2343 3696 in
2361 3645 2606 3711 Bithynia

583 3731 774 3795 egisse:
811 3742 869 3780 ut
890 3731 1109 3784 Nicaeus
1135 3732 1317 3784 eodem
1328 3733 1446 3797 jure
1472 3734 1830 3799 appellaretur,
1855 3751 1953 3799 quo
1979 3733 2309 3799 Asclepiades
2334 3732 2419 3787 ille
2444 3733 2604 3783 dictus

584 3826 720 3868 esset
753 3817 1099 3883 Myrleanus“.
1165 3820 1238 3870 At
1268 3821 1394 3876 mihi
1427 3822 1731 3885 probantur,
1781 3838 1910 3887 quae
1927 3863 1930 3868 ,
1946 3839 1979 3874 a·
2011 3820 2061 3874 N
2065 3821 2243 3874 auckio
2280 3821 2436 3873 allata
2472 3827 2605 3880 sunt,

584 3905 668 3968 qui
703 3922 795 3970 pro
823 3902 1203 3976 Ἀπολλόδωρος
1240 3908 1561 3964 scribendum
1598 3925 1714 3960 esse
1740 3909 2109 3974 Ἀπολλωνίδης
2144 3910 2332 3962 statuit.
