2969 4676
1493 356 1584 422 ⁴32

528 536 704 602 nenti
761 553 989 618 genere
1022 532 1293 615 ,illorum
1311 583 1330 618 ,
1389 552 1656 617 quorum
1683 568 1690 575 ·
1714 552 1816 599 res
1872 537 2088 615 gestas
2142 530 2553 617 explicandae

531 654 709 734 sunt,
764 649 998 735 partim
1056 647 1302 715 fabellis
1359 646 1733 732 quibusdam
1792 647 2138 730 interjectis
2189 647 2553 714 viderentur

529 766 696 831 inter
754 784 821 830 se
880 763 1211 848 conjuncta
1266 781 1403 829 esse
1456 768 1654 848 atque.
1691 762 2019 849 copulata,
2076 762 2363 849 exposita
2407 766 2555 828 sant

530 880 823 947 breviter.
890 877 1035 944 Huc
1076 878 1338 962 accedit,
1384 879 1551 963 quod
1597 878 1882 964 procedit
1925 878 2127 943 oratio
2174 876 2437 943 moleste
2482 896 2555 942 ac

529 996 793 1062 obscure
848 994 1191 1078 multisque
1242 992 1399 1059 locis
1455 996 1553 1058 est
1611 993 1871 1083 confusa
1932 999 2122 1078 atque
2165 991 2553 1078 perturbata,

529 1111 832 1193 languent
898 1110 1099 1174 multa
1167 1109 1395 1174 iterum
1468 1127 1543 1174 ae
1600 1127 1789 1193 saepe
1843 1108 2032 1174 dicta.
2116 1107 2289 1174 Haec
2341 1108 2555 1173 omnia

528 1226 775 1292 animos
820 1224 1159 1307 legentium
1212 1212 1336 1287 non
1384 1229 1640 1288 movent
1684 1223 1809 1306 ita,
1865 1227 1938 1288 ut
1981 1228 2374 1289 exstructum
2419 1242 2555 1288 esse

526 1340 649 1407 hoc
696 1337 1065 1425 opusculum
1112 1338 1189 1404 ab
1234 1336 1367 1421 illo,
1414 1337 1521 1421 qui
1567 1356 1787 1402 omnes
1831 1341 2114 1403 veterum
2145 1336 2392 1404 fabulas
2421 1341 2554 1401 tra,-

531 1454 768 1541 dendas
813 1451 1344 1536 illustrandasque
1390 1452 1511 1519 sibi
1559 1452 1982 1538 proposuerit,
2027 1457 2323 1537 putemus
2359 1486 2441 1497 --
2487 1450 2555 1516 id

531 1568 697 1655 quod
744 1567 822 1635 ab
868 1567 1254 1654 Apollodoro
1296 1567 1532 1633 factum
1582 1587 1721 1632 esse
1766 1587 1846 1633 ex
1893 1566 2367 1651 epigrammatis
2413 1585 2555 1658 yer-

534 1684 704 1751 sibus
750 1688 959 1768 potest
1001 1682 1269 1764 intelligi
1313 1716 1390 1726 —
1444 1681 1555 1747 sed
1602 1680 1788 1746 valde
1833 1681 2235 1757 manifestum
2280 1680 2355 1747 fit
2399 1700 2556 1766 opu-

533 1797 773 1865 sculum
809 1817 946 1863 esse
979 1796 1134 1881 eJus,
1167 1797 1273 1881 qui
1306 1815 1341 1861 e
1371 1800 1503 1861 toto
1534 1795 1889 1863 fabularum
1916 1795 2064 1862 orbe
2088 1799 2262 1867 certa
2283 1795 2554 1880 quadam

530 1913 775 1979 ratione
807 1913 1053 1996 ductuS,
1101 1912 1154 1977 si
1200 1911 1351 1996 quid
1382 1912 1723 1999 videretur,
1756 1911 2018 1994 elegerit
2046 1912 2233 1995 atque
2262 1910 2329 1975 in
2361 1930 2556 1975 unum

532 2028 829 2110 coegerit.
908 2028 998 2091 At
1056 2046 1242 2110 quam
1290 2026 1454 2090 viam
1506 2027 1829 2108 ingressus
1877 2031 2095 2095 auctor
2136 2024 2382 2093 fabulas
2428 2025 2556 2091 dis-

532 2141 864 2229 pertiverit
893 2147 1080 2226 atque
1111 2139 1525 2224 distribuerit,
1556 2145 1765 2226 potest
1793 2140 2086 2224 intelligi,
2118 2160 2279 2226 quae
2302 2139 2555 2225 quidem

534 2263 632 2325 est
659 2256 948 2323 Muelleri
978 2256 1310 2340 sententia,
1341 2274 1420 2321 ex
1449 2255 1952 2341 transitionibus,
1983 2275 2142 2340 quae
2172 2260 2245 2321 ut
2267 2256 2555 2322 dictionis

532 2375 760 2441 leniter
826 2374 1111 2439 sedatum
1180 2391 1255 2438 ac
1317 2370 1643 2456 aequabile
1698 2370 1930 2438 flumen
1989 2379 2177 2456 atque
2240 2371 2559 2452 elaborata

530 2489 921 2555 concinnitas
950 2486 1314 2552 viderentur
1346 2485 1567 2552 effecta
1597 2506 1756 2571 esse,
1802 2488 2072 2554 orationi
2101 2488 2377 2553 insertae
2408 2488 2554 2554 sint.

532 2603 624 2670 At
653 2604 819 2671 enim
850 2601 958 2668 ille
986 2602 1054 2666 in
1084 2600 1335 2684 Fragm.
1368 2600 1534 2668 Hist.
1565 2600 1787 2672 Graec.
1821 2601 1962 2668 Vol.
1993 2602 2044 2686 I,
2083 2622 2230 2689 pag.
2261 2601 2553 2669 XXXIX.

538 2719 668 2803 „At
732 2724 943 2784 tamen
1001 2737 1037 2782 e
1091 2715 1308 2783 multis
1360 2717 1549 2801 locis,
1615 2718 1856 2801 inquit,
1883 2741 1888 2752 ·
1913 2722 2180 2802 apparet
2234 2717 2553 2785 auctorem

534 2839 843 2917 nostrum,
875 2833 984 2898 ubi
1002 2832 1094 2898 ‘ad
1125 2852 1352 2897 novam
1384 2833 1647 2917 stirpem
1679 2851 2017 2917 rer-umque
2045 2832 2273 2899 seriem
2305 2833 2557 2916 transit,

532 2949 634 3015 vel
677 2968 985 3035 personae
1029 2946 1292 3029 alicujus
1323 2947 1703 3012 mentionem
1723 2945 1959 3029 injicit,
2005 2946 2085 3011 ad
2115 2952 2559 3033 quam-postea

528 3062 946 3145 redeundum,
991 3061 1092 3127 vel
1138 3060 1216 3127 de
1261 3079 1386 3146 qua
1423 3065 1559 3147 jam
1603 3064 1791 3127 antea
1820 3061 2054 3128 dictum
2089 3067 2247 3146 erat,
2291 3061 2556 3129 lectores

530 3178 854 3246 monuisse
898 3182 1099 3261 ¹atque
1158 3176 1273 3242 hoo
1328 3175 1514 3242 modo
1575 3175 1986 3242 adumbrasse
2038 3176 2249 3262 operis
2293 3196 2556 3244 oecono-

534 3291 794 3361 miam“.
878 3291 1001 3358 Sed
1059 3290 1242 3357 valde
1297 3290 1551 3375 dubito,
1611 3311 1761 3357 num
1819 3291 1897 3357 de
1940 3292 2420 3359 transitionibus
2443 3293 2557 3357 ita

533 3408 733 3475 liceat
780 3407 1045 3490 sentire,
1066 3409 1419 3492 'tamquam
1480 3406 1534 3472 si
1585 3406 1802 3472 omnia
1847 3406 2122 3472 omnino‘
2148 3407 2213 3472 in
2259 3407 2359 3473 his
2406 3406 2555 3473 solis

532 3527 882 3590 vertantur.
1045 3523 1051 3530 '
2303 3591 2310 3598 Ι

669 3638 820 3705 Tria
877 3637 1044 3703 enim
1103 3638 1548 3704 transitionum
1609 3656 1842 3720 genera
1895 3636 2219 3719 leguntur=
2269 3654 2547 3720 quorum

533 3751 805 3838 unum¹),
851 3770 974 3837 quo
1010 3755 1236 3830 ‚auctor
1279 3771 1395 3819 nos
1438 3753 1738 3819 admonet
1781 3751 1918 3818 alio·
1945 3752 2082 3832 loco
2111 3750 2387 3836 aliquam
2419 3770 2552 3826 rem

643 3895 701 3966 1)·
732 3900 774 3963 1,
799 3899 995 3967 2‚·5e.·
1038 3900 1079 3962 1,
1100 3899 1151 3964 3,
1190 3900 1294 3967 §4-
1340 3900 1381 3962 1,
1402 3897 1453 3964 7,
1492 3900 1596 3966 §l-
1642 3899 2028 3968 11,1,·§4(2).
2073 3897 2237 3963 111,1,
2276 3897 2482 3966 §3(5).
