2969 4676
1490 339 1574 405 16

518 515 818 597 mutio-¹).
896 515 979 585 Ei
1034 534 1380 599 eognomen
1424 515 1828 582 Artemidoro
1874 516 2072 583 fuisse
2117 537 2155 583 a
2195 515 2418 584 Vossio
2465 518 2545 585 de

517 631 663 699 hist.
697 629 918 698 Graec.
952 629 1040 696 ΙΠ
1085 631 1585 697 demonstratum
1633 636 1750 697 est.

648 717 896 812 Deinde
950 744 1121 813 aliud
1177 746 1357 812 nobis
1416 745 1807 812 afferendum
1867 751 1965 811 est
2016 764 2209 831 opuS,
2268 746 2435 831 quod
2481 752 2546 813 et

518 858 674 927 alios
722 861 890 926 viros
937 860 1153 926 doetos
1200 865 1264 926 et
1307 859 1624 946 Heynium
1670 860 1924 926 videtur
1966 860 2283 942 effugisse.
2354 860 2541 944 Legi-

514 994 658 1042 mus
715 977 880 1042 enim
942 974 1109 1060 apud
1156 975 1505 1057 Diogenem
1549 975 1873 1042 Laertium
1919 974 1983 1059 Ι,
2029 995 2173 1060 pag.
2210 976 2296 1042 58
2354 972 2543 1043 haee:

515 1092 764 1174 πρῶτος
794 1090 869 1154 δὲ
891 1090 1116 1155 Σόλων
1137 1087 1254 1176 τὴν
1276 1089 1427 1175 ἔνην
1457 1096 1568 1154 καὶ
1599 1094 1754 1157 νέαν
1783 1088 2105 1155 ἐκάλεσεν.
2152 1097 2260 1155 καὶ
2292 1093 2542 1174 πρῶτος

518 1205 597 1269 δὲ
622 1204 847 1269 Σόλων
889 1200 1008 1290 τήν
1053 1203 1428 1289 συναγωγὴν
1471 1206 1599 1271 τῶν
1644 1196 1833 1271 ἐννέα
1879 1203 2217 1290 ἀρχόντων
2246 1205 2541 1291 ἐποίησεν
2631 1196 2634 1197 ’

516 1320 605 1394 εἰς
658 1316 730 1383 τὸ
787 1329 1125 1396 συνειπεῖν,
1190 1314 1283 1393 ὦς’
1324 1317 1828 1404 Ἀπολλόδωρός
1883 1338 2080 1405 φησιν
2136 1319 2208 1386 ἓν
2268 1309 2540 1406 δευτέρῳ

517 1437 662 1514 περὶ
719 1434 1119 1515 νομοθετῶν.
1210 1432 1387 1511 Quod
1445 1452 1606 1520 opus
1653 1439 1864 1500 utrum
1912 1433 2296 1518 Apollodoro
2341 1416 2541 1500 Athe-

512 1547 718 1613 niensi
764 1547 1245 1630 adjudicandum
1293 1549 1396 1632 sit,
1440 1567 1660 1632 neone,
1706 1567 1849 1614 eum
1880 1549 2241 1614 testimonia
2271 1569 2398 1615 non
2428 1569 2539 1615 ex-

516 1666 718 1745 stent,
775 1661 1108 1745 dijudicari
1165 1683 1290 1729 non
1342 1640 1572 1749 potest.
1663 1662 1972 1747 Equidem
2021 1665 2313 1730 existimo
2360 1684 2540 1750 opus,

515 1776 619 1842 oui
676 1796 903 1843 nomen
963 1783 1111 1862 περὶ
1166 1780 1548 1861 νομοθετῶν
1604 1783 1800 1861 esset,
1859 1778 1938 1845 ab
1984 1778 2369 1865 Apollodoro
2414 1798 2539 1845 non

512 1893 867 1959 eonfeotum
911 1913 1072 1978 esse,
1119 1893 1229 1959 sed
1275 1898 1386 1958 aut
1414 1890 1763 1976 Diogenem
1808 1894 1875 1958 in
1921 1895 2176 1960 nomine
2214 1895 2538 1979 scriptoris

513 2005 828 2072 laudando
887 2009 1196 2074 erravisse
1253 2012 1362 2073 aut
1417 2008 1574 2074 haee
1616 2029 1698 2074 ex
1743 2007 1865 2074 alio
1911 2008 2280 2094 Apollodori
2326 2029 2539 2095 opere,

514 2121 709 2187 veluti
759 2142 838 2188 ex
884 2122 1016 2205 illo,
1063 2123 1165 2189 eui
1210 2142 1439 2188 nomen
1488 2127 1592 2188 est.
1628 2120 1913 2206 χρονικά,
1960 2121 2291 2209 desumpta
2337 2144 2492 2191 esse.

646 2235 847 2303 Venio
894 2257 1062 2304 nune
1106 2238 1185 2304 ad
1231 2238 1343 2303 illa
1387 2258 1611 2322 opera,
1670 2257 1828 2322 quae
1861 2238 2351 2323 ‘Apolloniorum
2400 2259 2537 2304 esse

510 2353 635 2418 viri
666 2353 832 2419 docti
855 2353 987 2435 jam
1023 2354 1386 2420 docuerunt.
1433 2341 1733 2436 Legimus
1764 2355 1931 2420 enim
1963 2355 2029 2420 in
2062 2354 2313 2421 seholiis
2336 2354 2535 2441 Apol-

512 2466 670 2533 lonii
714 2467 940 2534 Rhodii
970 2467 1080 2552 III,
1117 2467 1191 2533 V.
1225 2470 1378 2534 159:
1418 2466 1911 2551 Ἀπολλόδωρος
1958 2469 2031 2534 δὲ
2075 2470 2145 2533 ἒν
2174 2471 2263 2556 τῷ
2306 2466 2535 2555 πρώτῳ

511 2585 642 2648 τῶν
688 2587 1023 2649 Ποντικῶν
1068 2578 1281 2669 ἡρῷον
1325 2580 1569 2649 αὐτόθι
1611 2590 1809 2669 φησὶν
1854 2586 2022 2649 εἶναι
2062 2581 2373 2666 Ἀμύκου,
2429 2589 2537 2649 καὶ

512 2701 579 2763 εἴ
616 2722 709 2772 τις
753 2698 825 2761 ἐκ
868 2699 975 2783 τῆς
1021 2698 1277 2784 δάφνης
1319 2698 1566 2763 κλάδον
1610 2698 1821 2780 λάβοι,
1869 2700 1960 2773 εἷς
2006 2699 2341 2782 λοιδορίαν
2386 2696 2535 2763 ἀνί-

515 2830 720 2898 στησιε
768 2818 834 2878 et
879 2812 1048 2896 apud
1094 2810 1480 2897 Stephanum
1512 2812 1890 2898 Byzantium
1938 2834 2080 2878 S.·v.
2123 2811 2532 2899 Ἅρκόνησος·

502 2925 998 3010 Ἀπολλόδωρος
1037 2927 1108 2990 ἐν
1138 2925 1561 3014 ἑκκαιδεκάτῳ
1594 2930 1907 3010 Καρικῶν.
1969 2926 2212 2991 Horum
2242 2927 2533 3010 alterum,

514 3042 680 3127 quod
727 3038 806 3106 τοὶ
853 3039 1142 3108 Ποντικὰ
1187 3041 1560 3127 inscriptum
1608 3048 1724 3124 est,
1778 3041 1856 3107 ab
1901 3040 2236 3126 Apollonio
2281 3040 2534 3126 Aphro-

512 3155 738 3239 diensi‚
771 3155 1061 3240 alterum,
1090 3157 1259 3242 quod
1290 3154 1371 3221 τὰ
1401 3151 1647 3239 Καρικαὶ
1678 3155 2049 3241 inscriptum
2081 3160 2202 3239 est,
2233 3157 2311 3222 ab
2334 3155 2533 3240 Apol-

511 3271 681 3338 lonio
711 3270 952 3337 Rhodio
1000 3292 1137 3338 esse
1161 3272 1600 3357 >compositum
1631 3265 1974 3354 Heynius²)
2011 3269 2146 3352 jam
2177 3271 2534 3353 conjectura

513 3391 834 3452 assecutus
866 3391 980 3452 est.
1049 3386 1208 3453 Item
1239 3387 1426 3453 tertio
1459 3404 1704 3470 quoque
1733 3384 1871 3450 loco
1902 3384 2274 3470 Apollodori
2303 3406 2533 3452 nomen

511 3502 580 3567 in
625 3501 946 3586 Apollonii
990 3502 1359 3576 mutandum
1406 3519 1545 3566 esse
1590 3499 1902 3565 existimo.
1958 3497 2209 3565 Dicitur
2252 3500 2421 3566 enim
2454 3500 2531 3567 ab

511 3614 837 3682 Athenaeo
867 3615 1007 3701 XV,
1044 3615 1235 3702 Capt.
1266 3615 1368 3681 11.
1437 3612 1863 3699 Apollodorus
1907 3614 2165 3699 quidam
2198 3634 2357 3702 opus
2389 3621 2532 3699 περὶ

619 3773 661 3838 ²)
710 3771 1000 3838 Stephanus
1035 3773 1160 3839 Byz.
1196 3790 1237 3823 s.
1262 3788 1310 3824 v,
1339 3769 1621 3842 Ἀρτεμίτα.

617 3858 661 3925 ²)
708 3859 941 3927 Heynius
976 3857 1146 3925 Apoll.
1181 3858 1362 3924 fragm.
1399 3875 1520 3925 pag.
1541 3857 1668 3909 457.
1795 3883 1810 3889 -
