<?xml version="1.0" encoding="UTF-8"?>
<!DOCTYPE html PUBLIC "-//W3C//DTD XHTML 1.0 Transitional//EN"
    "http://www.w3.org/TR/xhtml1/DTD/xhtml1-transitional.dtd">
<html xmlns="http://www.w3.org/1999/xhtml" xml:lang="en" lang="en">
 <head>
  <title>
</title>
<meta http-equiv="Content-Type" content="text/html;charset=utf-8" />
  <meta name='ocr-system' content='tesseract 3.04.00' />
  <meta name='ocr-capabilities' content='ocr_page ocr_carea ocr_par ocr_line ocrx_word'/>
</head>
<body>
  <div class='ocr_page' id='page_1' title='image "./deapollodoreath00funkgoog_0009.png"; bbox 0 0 2969 4676; ppageno 0'>
   <div class='ocr_carea' id='block_1_1' title="bbox 342 1481 2424 3441">
    <p class='ocr_par' dir='ltr' id='par_1_1' title="bbox 342 1481 2424 3441">
     <span class='ocr_line' id='line_1_1' title="bbox 519 1481 2423 1605; baseline -0.001 -17"><span class='ocrx_word' id='word_1_1' title='bbox 519 1481 581 1588; x_wconf 81' lang='lat' dir='ltr'>J</span> <span class='ocrx_word' id='word_1_2' title='bbox 585 1526 887 1586; x_wconf 79' lang='lat' dir='ltr'>acuerunt</span> <span class='ocrx_word' id='word_1_3' title='bbox 939 1519 1125 1602; x_wconf 85' lang='lat' dir='ltr'>longo</span> <span class='ocrx_word' id='word_1_4' title='bbox 1172 1520 1505 1586; x_wconf 83' lang='lat' dir='ltr'>intervallo</span> <span class='ocrx_word' id='word_1_5' title='bbox 1551 1520 1919 1605; x_wconf 81' lang='lat' dir='ltr'>Apollodori</span> <span class='ocrx_word' id='word_1_6' title='bbox 1969 1521 2179 1589; x_wconf 81' lang='lat' dir='ltr'>studia</span> <span class='ocrx_word' id='word_1_7' title='bbox 2221 1540 2423 1605; x_wconf 87' lang='lat' dir='ltr'>neque</span> 
     </span>
     <span class='ocr_line' id='line_1_2' title="bbox 396 1634 2424 1720; baseline 0 -19"><span class='ocrx_word' id='word_1_8' title='bbox 396 1635 529 1717; x_wconf 89' lang='lat' dir='ltr'>ejus</span> <span class='ocrx_word' id='word_1_9' title='bbox 561 1635 819 1720; x_wconf 82' lang='lat' dir='ltr'>scripta,</span> <span class='ocrx_word' id='word_1_10' title='bbox 844 1635 1130 1719; x_wconf 83' lang='lat' dir='ltr'>quamvis</span> <span class='ocrx_word' id='word_1_11' title='bbox 1163 1640 1372 1701; x_wconf 90' lang='lat' dir='ltr'>essent</span> <span class='ocrx_word' id='word_1_12' title='bbox 1401 1634 1778 1700; x_wconf 85' lang='lat' dir='ltr'>illustranda</span> <span class='ocrx_word' id='word_1_13' title='bbox 1801 1642 1989 1719; x_wconf 87' lang='lat' dir='ltr'>atque</span> <span class='ocrx_word' id='word_1_14' title='bbox 2013 1635 2424 1718; x_wconf 79' lang='lat' dir='ltr'>emendanda,</span> 
     </span>
     <span class='ocr_line' id='line_1_3' title="bbox 394 1749 2424 1832; baseline 0.001 -18"><span class='ocrx_word' id='word_1_15' title='bbox 394 1750 591 1815; x_wconf 89' lang='lat' dir='ltr'>ullum</span> <span class='ocrx_word' id='word_1_16' title='bbox 639 1750 993 1816; x_wconf 83' lang='lat' dir='ltr'>habuerunt</span> <span class='ocrx_word' id='word_1_17' title='bbox 1035 1749 1249 1816; x_wconf 86' lang='lat' dir='ltr'>lumen</span> <span class='ocrx_word' id='word_1_18' title='bbox 1293 1749 1672 1815; x_wconf 83' lang='lat' dir='ltr'>litterarum.</span> <span class='ocrx_word' id='word_1_19' title='bbox 1743 1749 1921 1828; x_wconf 88' lang='lat' dir='ltr'>Quod</span> <span class='ocrx_word' id='word_1_20' title='bbox 1966 1770 2038 1816; x_wconf 87' lang='lat' dir='ltr'>eo</span> <span class='ocrx_word' id='word_1_21' title='bbox 2070 1751 2271 1832; x_wconf 84' lang='lat' dir='ltr'>magis</span> <span class='ocrx_word' id='word_1_22' title='bbox 2303 1751 2424 1816; x_wconf 90' lang='lat' dir='ltr'>mi-</span> 
     </span>
     <span class='ocr_line' id='line_1_4' title="bbox 394 1863 2422 1949; baseline 0 -19"><span class='ocrx_word' id='word_1_23' title='bbox 394 1886 534 1930; x_wconf 89' lang='lat' dir='ltr'>rum</span> <span class='ocrx_word' id='word_1_24' title='bbox 585 1869 712 1949; x_wconf 87' lang='lat' dir='ltr'>est,</span> <span class='ocrx_word' id='word_1_25' title='bbox 770 1863 935 1949; x_wconf 90' lang='lat' dir='ltr'>quod</span> <span class='ocrx_word' id='word_1_26' title='bbox 991 1884 1195 1949; x_wconf 88' lang='lat' dir='ltr'>neque</span> <span class='ocrx_word' id='word_1_27' title='bbox 1254 1866 1360 1949; x_wconf 89' lang='lat' dir='ltr'>qui</span> <span class='ocrx_word' id='word_1_28' title='bbox 1409 1871 1472 1931; x_wconf 94' lang='lat' dir='ltr'>et</span> <span class='ocrx_word' id='word_1_29' title='bbox 1527 1866 1594 1929; x_wconf 93' lang='lat' dir='ltr'>in</span> <span class='ocrx_word' id='word_1_30' title='bbox 1640 1864 1869 1931; x_wconf 89' lang='lat' dir='ltr'>fabulis</span> <span class='ocrx_word' id='word_1_31' title='bbox 1916 1871 2200 1931; x_wconf 86' lang='lat' dir='ltr'>veterum</span> <span class='ocrx_word' id='word_1_32' title='bbox 2247 1872 2312 1931; x_wconf 90' lang='lat' dir='ltr'>et</span> <span class='ocrx_word' id='word_1_33' title='bbox 2356 1866 2422 1930; x_wconf 92' lang='lat' dir='ltr'>in</span> 
     </span>
     <span class='ocr_line' id='line_1_5' title="bbox 392 1977 2423 2065; baseline -0.001 -18"><span class='ocrx_word' id='word_1_34' title='bbox 392 1981 579 2047; x_wconf 87' lang='lat' dir='ltr'>rebus</span> <span class='ocrx_word' id='word_1_35' title='bbox 627 1999 664 2044; x_wconf 84' lang='lat' dir='ltr'>a</span> <span class='ocrx_word' id='word_1_36' title='bbox 695 1977 953 2045; x_wconf 82' lang='lat' dir='ltr'>Graecis</span> <span class='ocrx_word' id='word_1_37' title='bbox 998 1979 1406 2064; x_wconf 83' lang='lat' dir='ltr'>barbarisque</span> <span class='ocrx_word' id='word_1_38' title='bbox 1437 1980 1633 2061; x_wconf 86' lang='lat' dir='ltr'>gestis</span> <span class='ocrx_word' id='word_1_39' title='bbox 1665 1984 2027 2046; x_wconf 73' lang='lat' dir='ltr'><strong>versaturus</strong></span> <span class='ocrx_word' id='word_1_40' title='bbox 2059 1984 2177 2064; x_wconf 84' lang='lat' dir='ltr'>est,</span> <span class='ocrx_word' id='word_1_41' title='bbox 2224 1978 2423 2065; x_wconf 91' lang='lat' dir='ltr'>Apol-</span> 
     </span>
     <span class='ocr_line' id='line_1_6' title="bbox 391 2095 2423 2180; baseline -0 -19"><span class='ocrx_word' id='word_1_42' title='bbox 391 2095 591 2161; x_wconf 92' lang='lat' dir='ltr'>lodori</span> <span class='ocrx_word' id='word_1_43' title='bbox 652 2095 905 2180; x_wconf 85' lang='lat' dir='ltr'>scriptis</span> <span class='ocrx_word' id='word_1_44' title='bbox 962 2098 1169 2180; x_wconf 88' lang='lat' dir='ltr'>potest</span> <span class='ocrx_word' id='word_1_45' title='bbox 1225 2114 1439 2161; x_wconf 83' lang='lat' dir='ltr'>carere</span> <span class='ocrx_word' id='word_1_46' title='bbox 1493 2114 1696 2180; x_wconf 89' lang='lat' dir='ltr'>neque</span> <span class='ocrx_word' id='word_1_47' title='bbox 1752 2095 2081 2180; x_wconf 86' lang='lat' dir='ltr'>quisquam</span> <span class='ocrx_word' id='word_1_48' title='bbox 2138 2099 2423 2161; x_wconf 87' lang='lat' dir='ltr'>veterum</span> 
     </span>
     <span class='ocr_line' id='line_1_7' title="bbox 392 2208 2423 2295; baseline -0.001 -19"><span class='ocrx_word' id='word_1_49' title='bbox 392 2215 717 2276; x_wconf 78' lang='lat' dir='ltr'>auctorum</span> <span class='ocrx_word' id='word_1_50' title='bbox 773 2215 902 2292; x_wconf 85' lang='lat' dir='ltr'>est,</span> <span class='ocrx_word' id='word_1_51' title='bbox 959 2208 1037 2274; x_wconf 90' lang='lat' dir='ltr'>de</span> <span class='ocrx_word' id='word_1_52' title='bbox 1085 2229 1206 2294; x_wconf 92' lang='lat' dir='ltr'>quo</span> <span class='ocrx_word' id='word_1_53' title='bbox 1255 2214 1318 2275; x_wconf 89' lang='lat' dir='ltr'>et</span> <span class='ocrx_word' id='word_1_54' title='bbox 1363 2210 1719 2295; x_wconf 83' lang='lat' dir='ltr'>superiores</span> <span class='ocrx_word' id='word_1_55' title='bbox 1768 2215 1832 2273; x_wconf 92' lang='lat' dir='ltr'>et</span> <span class='ocrx_word' id='word_1_56' title='bbox 1875 2209 2253 2274; x_wconf 78' lang='lat' dir='ltr'>recentiores</span> <span class='ocrx_word' id='word_1_57' title='bbox 2300 2210 2423 2274; x_wconf 86' lang='lat' dir='ltr'>viri</span> 
     </span>
     <span class='ocr_line' id='line_1_8' title="bbox 391 2321 2421 2408; baseline -0 -17"><span class='ocrx_word' id='word_1_58' title='bbox 391 2324 558 2391; x_wconf 85' lang='lat' dir='ltr'>docti</span> <span class='ocrx_word' id='word_1_59' title='bbox 604 2330 735 2390; x_wconf 88' lang='lat' dir='ltr'>tam</span> <span class='ocrx_word' id='word_1_60' title='bbox 782 2324 1029 2390; x_wconf 80' lang='lat' dir='ltr'>diverse</span> <span class='ocrx_word' id='word_1_61' title='bbox 1075 2329 1328 2408; x_wconf 82' lang='lat' dir='ltr'>tamque</span> <span class='ocrx_word' id='word_1_62' title='bbox 1375 2323 1576 2390; x_wconf 87' lang='lat' dir='ltr'>divise</span> <span class='ocrx_word' id='word_1_63' title='bbox 1622 2322 2066 2406; x_wconf 81' lang='lat' dir='ltr'>judicaverint.</span> <span class='ocrx_word' id='word_1_64' title='bbox 2145 2323 2246 2391; x_wconf 93' lang='lat' dir='ltr'>Ab</span> <span class='ocrx_word' id='word_1_65' title='bbox 2293 2321 2421 2390; x_wconf 93' lang='lat' dir='ltr'>illis</span> 
     </span>
     <span class='ocr_line' id='line_1_9' title="bbox 391 2437 2421 2525; baseline -0.001 -20"><span class='ocrx_word' id='word_1_66' title='bbox 391 2459 550 2525; x_wconf 85' lang='lat' dir='ltr'>quae</span> <span class='ocrx_word' id='word_1_67' title='bbox 597 2439 674 2505; x_wconf 87' lang='lat' dir='ltr'>de</span> <span class='ocrx_word' id='word_1_68' title='bbox 703 2437 1074 2524; x_wconf 90' lang='lat' dir='ltr'>Apollodori</span> <span class='ocrx_word' id='word_1_69' title='bbox 1122 2439 1376 2525; x_wconf 84' lang='lat' dir='ltr'>scriptis</span> <span class='ocrx_word' id='word_1_70' title='bbox 1423 2438 1594 2505; x_wconf 84' lang='lat' dir='ltr'>diota</span> <span class='ocrx_word' id='word_1_71' title='bbox 1639 2444 1808 2522; x_wconf 87' lang='lat' dir='ltr'>sunt,</span> <span class='ocrx_word' id='word_1_72' title='bbox 1854 2458 1996 2504; x_wconf 87' lang='lat' dir='ltr'>oum</span> <span class='ocrx_word' id='word_1_73' title='bbox 2045 2439 2277 2523; x_wconf 83' lang='lat' dir='ltr'>partim</span> <span class='ocrx_word' id='word_1_74' title='bbox 2321 2458 2421 2504; x_wconf 91' lang='lat' dir='ltr'>re-</span> 
     </span>
     <span class='ocr_line' id='line_1_10' title="bbox 388 2551 2421 2639; baseline -0 -18"><span class='ocrx_word' id='word_1_75' title='bbox 388 2556 591 2621; x_wconf 83' lang='lat' dir='ltr'>futata</span> <span class='ocrx_word' id='word_1_76' title='bbox 643 2555 879 2639; x_wconf 83' lang='lat' dir='ltr'>partim</span> <span class='ocrx_word' id='word_1_77' title='bbox 925 2555 1191 2639; x_wconf 84' lang='lat' dir='ltr'>probata</span> <span class='ocrx_word' id='word_1_78' title='bbox 1236 2559 1479 2637; x_wconf 84' lang='lat' dir='ltr'>essent,</span> <span class='ocrx_word' id='word_1_79' title='bbox 1540 2573 1613 2620; x_wconf 83' lang='lat' dir='ltr'>ea</span> <span class='ocrx_word' id='word_1_80' title='bbox 1657 2553 1814 2620; x_wconf 90' lang='lat' dir='ltr'>mihi</span> <span class='ocrx_word' id='word_1_81' title='bbox 1860 2551 2237 2635; x_wconf 79' lang='lat' dir='ltr'>negligenda</span> <span class='ocrx_word' id='word_1_82' title='bbox 2283 2573 2421 2621; x_wconf 88' lang='lat' dir='ltr'>esse</span> 
     </span>
     <span class='ocr_line' id='line_1_11' title="bbox 342 2647 2420 2754; baseline 0 -19"><span class='ocrx_word' id='word_1_83' title='bbox 342 2647 347 2650; x_wconf 16' lang='grc' dir='ltr'><strong>Δ</strong></span> <span class='ocrx_word' id='word_1_84' title='bbox 389 2670 732 2736; x_wconf 82' lang='lat' dir='ltr'>arbitratus</span> <span class='ocrx_word' id='word_1_85' title='bbox 780 2689 938 2735; x_wconf 91' lang='lat' dir='ltr'>sum.</span> <span class='ocrx_word' id='word_1_86' title='bbox 995 2668 1100 2736; x_wconf 85' lang='lat' dir='ltr'>Ex</span> <span class='ocrx_word' id='word_1_87' title='bbox 1145 2647 1598 2735; x_wconf 84' lang='lat' dir='ltr'>recentioribus</span> <span class='ocrx_word' id='word_1_88' title='bbox 1647 2675 1857 2733; x_wconf 82' lang='lat' dir='ltr'>autem</span> <span class='ocrx_word' id='word_1_89' title='bbox 1896 2672 2148 2754; x_wconf 85' lang='lat' dir='ltr'>praeter</span> <span class='ocrx_word' id='word_1_90' title='bbox 2178 2674 2420 2735; x_wconf 87' lang='lat' dir='ltr'>eeteros</span> 
     </span>
     <span class='ocr_line' id='line_1_12' title="bbox 387 2783 2421 2869; baseline 0 -20"><span class='ocrx_word' id='word_1_91' title='bbox 387 2784 705 2869; x_wconf 84' lang='lat' dir='ltr'>Heynius,</span> <span class='ocrx_word' id='word_1_92' title='bbox 752 2783 850 2849; x_wconf 89' lang='lat' dir='ltr'>vir</span> <span class='ocrx_word' id='word_1_93' title='bbox 895 2783 1326 2867; x_wconf 84' lang='lat' dir='ltr'>doctissimus,</span> <span class='ocrx_word' id='word_1_94' title='bbox 1373 2783 1791 2849; x_wconf 85' lang='lat' dir='ltr'>nominandus</span> <span class='ocrx_word' id='word_1_95' title='bbox 1840 2788 1971 2867; x_wconf 86' lang='lat' dir='ltr'>est,</span> <span class='ocrx_word' id='word_1_96' title='bbox 2018 2783 2125 2867; x_wconf 92' lang='lat' dir='ltr'>qui</span> <span class='ocrx_word' id='word_1_97' title='bbox 2173 2803 2421 2849; x_wconf 83' lang='lat' dir='ltr'>summa</span> 
     </span>
     <span class='ocr_line' id='line_1_13' title="bbox 386 2894 2417 2983; baseline 0 -20"><span class='ocrx_word' id='word_1_98' title='bbox 386 2898 673 2964; x_wconf 84' lang='lat' dir='ltr'>doctrina</span> <span class='ocrx_word' id='word_1_99' title='bbox 728 2897 1073 2962; x_wconf 84' lang='lat' dir='ltr'>instructus</span> <span class='ocrx_word' id='word_1_100' title='bbox 1131 2897 1504 2983; x_wconf 90' lang='lat' dir='ltr'>Apollodori</span> <span class='ocrx_word' id='word_1_101' title='bbox 1563 2898 1819 2982; x_wconf 84' lang='lat' dir='ltr'>scriptis</span> <span class='ocrx_word' id='word_1_102' title='bbox 1877 2894 2100 2962; x_wconf 85' lang='lat' dir='ltr'>afferre</span> <span class='ocrx_word' id='word_1_103' title='bbox 2156 2903 2417 2964; x_wconf 82' lang='lat' dir='ltr'>conatus</span> 
     </span>
     <span class='ocr_line' id='line_1_14' title="bbox 386 2992 2418 3098; baseline -0 -18"><span class='ocrx_word' id='word_1_104' title='bbox 386 2992 484 3080; x_wconf 82' lang='lat' dir='ltr'>est</span> <span class='ocrx_word' id='word_1_105' title='bbox 528 3013 761 3078; x_wconf 90' lang='lat' dir='ltr'>lumen.</span> <span class='ocrx_word' id='word_1_106' title='bbox 844 3010 978 3092; x_wconf 89' lang='lat' dir='ltr'>Quo</span> <span class='ocrx_word' id='word_1_107' title='bbox 1028 3012 1134 3096; x_wconf 91' lang='lat' dir='ltr'>qui</span> <span class='ocrx_word' id='word_1_108' title='bbox 1181 3011 1324 3097; x_wconf 91' lang='lat' dir='ltr'>plus</span> <span class='ocrx_word' id='word_1_109' title='bbox 1370 3012 1741 3098; x_wconf 85' lang='lat' dir='ltr'>profecisset</span> <span class='ocrx_word' id='word_1_110' title='bbox 1786 3013 1851 3077; x_wconf 92' lang='lat' dir='ltr'>in</span> <span class='ocrx_word' id='word_1_111' title='bbox 1900 3011 2306 3079; x_wconf 84' lang='lat' dir='ltr'>emendandis</span> <span class='ocrx_word' id='word_1_112' title='bbox 2355 3018 2418 3079; x_wconf 88' lang='lat' dir='ltr'>et</span> 
     </span>
     <span class='ocr_line' id='line_1_15' title="bbox 384 3125 2411 3212; baseline -0.001 -18"><span class='ocrx_word' id='word_1_113' title='bbox 384 3125 877 3212; x_wconf 80' lang='lat' dir='ltr'>interpretandis</span> <span class='ocrx_word' id='word_1_114' title='bbox 935 3126 1089 3192; x_wconf 87' lang='lat' dir='ltr'>loeis</span> <span class='ocrx_word' id='word_1_115' title='bbox 1136 3126 1436 3210; x_wconf 81' lang='lat' dir='ltr'>singulis,</span> <span class='ocrx_word' id='word_1_116' title='bbox 1494 3127 1741 3193; x_wconf 86' lang='lat' dir='ltr'>exstitit</span> <span class='ocrx_word' id='word_1_117' title='bbox 1782 3146 1998 3192; x_wconf 87' lang='lat' dir='ltr'>nemo:</span> <span class='ocrx_word' id='word_1_118' title='bbox 2069 3127 2179 3193; x_wconf 91' lang='lat' dir='ltr'>sed</span> <span class='ocrx_word' id='word_1_119' title='bbox 2226 3147 2411 3212; x_wconf 85' lang='lat' dir='ltr'>quam</span> 
     </span>
     <span class='ocr_line' id='line_1_16' title="bbox 385 3240 2413 3328; baseline -0 -20"><span class='ocrx_word' id='word_1_120' title='bbox 385 3243 463 3308; x_wconf 89' lang='lat' dir='ltr'>de</span> <span class='ocrx_word' id='word_1_121' title='bbox 512 3242 765 3328; x_wconf 87' lang='lat' dir='ltr'>seriptis</span> <span class='ocrx_word' id='word_1_122' title='bbox 804 3240 1176 3326; x_wconf 91' lang='lat' dir='ltr'>Apollodori</span> <span class='ocrx_word' id='word_1_123' title='bbox 1224 3242 1599 3307; x_wconf 85' lang='lat' dir='ltr'>sententiam</span> <span class='ocrx_word' id='word_1_124' title='bbox 1646 3242 1917 3328; x_wconf 82' lang='lat' dir='ltr'>aperuit,</span> <span class='ocrx_word' id='word_1_125' title='bbox 1964 3260 2100 3307; x_wconf 85' lang='lat' dir='ltr'>eam</span> <span class='ocrx_word' id='word_1_126' title='bbox 2149 3246 2221 3306; x_wconf 86' lang='lat' dir='ltr'>ut</span> <span class='ocrx_word' id='word_1_127' title='bbox 2263 3261 2413 3328; x_wconf 91' lang='lat' dir='ltr'>pro-</span> 
     </span>
     <span class='ocr_line' id='line_1_17' title="bbox 382 3340 2411 3441; baseline 0 -18"><span class='ocrx_word' id='word_1_128' title='bbox 382 3358 562 3440; x_wconf 88' lang='lat' dir='ltr'>bem,</span> <span class='ocrx_word' id='word_1_129' title='bbox 630 3377 668 3422; x_wconf 85' lang='lat' dir='ltr'><strong>a</strong></span> <span class='ocrx_word' id='word_1_130' title='bbox 737 3375 838 3420; x_wconf 91' lang='lat' dir='ltr'>me</span> <span class='ocrx_word' id='word_1_131' title='bbox 899 3340 1241 3441; x_wconf 82' lang='lat' dir='ltr'>impetrare</span> <span class='ocrx_word' id='word_1_132' title='bbox 1294 3376 1420 3422; x_wconf 92' lang='lat' dir='ltr'>non</span> <span class='ocrx_word' id='word_1_133' title='bbox 1479 3374 1755 3441; x_wconf 90' lang='lat' dir='ltr'>possum.</span> <span class='ocrx_word' id='word_1_134' title='bbox 1844 3354 2002 3437; x_wconf 90' lang='lat' dir='ltr'>Ejus</span> <span class='ocrx_word' id='word_1_135' title='bbox 2063 3357 2411 3423; x_wconf 83' lang='lat' dir='ltr'>sententiae</span> 
     </span>
    </p>
   </div>
   <div class='ocr_carea' id='block_1_2' title="bbox 385 3463 811 3472">
    <p class='ocr_par' dir='ltr' id='par_1_2' title="bbox 385 3463 811 3472">
     <span class='ocr_line' id='line_1_18' title="bbox 385 3463 811 3472; baseline 0 1204"><span class='ocrx_word' id='word_1_136' title='bbox 385 3463 811 3472; x_wconf 95' lang='lat' dir='ltr'> </span> 
     </span>
    </p>
   </div>
   <div class='ocr_carea' id='block_1_3' title="bbox 554 3501 2236 4007">
    <p class='ocr_par' dir='ltr' id='par_1_3' title="bbox 558 3501 2236 3658">
     <span class='ocr_line' id='line_1_19' title="bbox 558 3501 2236 3569; baseline 0.001 -17"><span class='ocrx_word' id='word_1_137' title='bbox 558 3501 752 3567; x_wconf 77' lang='lat' dir='ltr'>Aegius</span> <span class='ocrx_word' id='word_1_138' title='bbox 789 3501 1079 3568; x_wconf 82' lang='lat' dir='ltr'>Spoletinus</span> <span class='ocrx_word' id='word_1_139' title='bbox 1122 3502 1449 3569; x_wconf 85' lang='lat' dir='ltr'>„Apollodori</span> <span class='ocrx_word' id='word_1_140' title='bbox 1484 3503 1818 3556; x_wconf 74' lang='lat' dir='ltr'>bibliotheoa“</span> <span class='ocrx_word' id='word_1_141' title='bbox 1859 3502 2054 3555; x_wconf 73' lang='lat' dir='ltr'>Romae</span> <span class='ocrx_word' id='word_1_142' title='bbox 2083 3503 2236 3554; x_wconf 86' lang='lat'>1555.</span> 
     </span>
     <span class='ocr_line' id='line_1_20' title="bbox 558 3588 1636 3658; baseline 0.005 -20"><span class='ocrx_word' id='word_1_143' title='bbox 558 3588 770 3641; x_wconf 83' lang='lat' dir='ltr'>Vossius</span> <span class='ocrx_word' id='word_1_144' title='bbox 812 3589 908 3653; x_wconf 84' lang='lat' dir='ltr'>„de</span> <span class='ocrx_word' id='word_1_145' title='bbox 943 3589 1061 3642; x_wconf 84' lang='lat' dir='ltr'>hist.</span> <span class='ocrx_word' id='word_1_146' title='bbox 1089 3591 1329 3643; x_wconf 74' lang='lat' dir='ltr'>Graecis“</span> <span class='ocrx_word' id='word_1_147' title='bbox 1372 3599 1493 3658; x_wconf 76' lang='lat' dir='ltr'>pa&#39;g.</span> <span class='ocrx_word' id='word_1_148' title='bbox 1519 3591 1636 3644; x_wconf 84' lang='lat'><strong>132.</strong></span> 
     </span>
    </p>

    <p class='ocr_par' dir='ltr' id='par_1_4' title="bbox 556 3675 2013 3918">
     <span class='ocr_line' id='line_1_21' title="bbox 557 3675 1989 3745; baseline 0.002 -18"><span class='ocrx_word' id='word_1_149' title='bbox 557 3675 733 3728; x_wconf 73' lang='lat' dir='ltr'>Thom.</span> <span class='ocrx_word' id='word_1_150' title='bbox 760 3676 890 3728; x_wconf 76' lang='lat' dir='ltr'>Gale</span> <span class='ocrx_word' id='word_1_151' title='bbox 933 3677 1095 3742; x_wconf 62' lang='lat' dir='ltr'>„Risu</span> <span class='ocrx_word' id='word_1_152' title='bbox 1120 3684 1259 3744; x_wconf 57' lang='lat' dir='ltr'>poet.</span> <span class='ocrx_word' id='word_1_153' title='bbox 1286 3679 1456 3745; x_wconf 75' lang='lat' dir='ltr'>script.</span> <span class='ocrx_word' id='word_1_154' title='bbox 1483 3681 1619 3730; x_wconf 53' lang='lat' dir='ltr'>ant!</span> <span class='ocrx_word' id='word_1_155' title='bbox 1659 3678 1805 3729; x_wconf 77' lang='lat' dir='ltr'>Paris</span> <span class='ocrx_word' id='word_1_156' title='bbox 1836 3676 1989 3730; x_wconf 86' lang='grc'><strong>1675.</strong></span> 
     </span>
     <span class='ocr_line' id='line_1_22' title="bbox 556 3762 2013 3831; baseline 0.003 -18"><span class='ocrx_word' id='word_1_157' title='bbox 556 3762 788 3829; x_wconf 83' lang='lat' dir='ltr'>Heynius</span> <span class='ocrx_word' id='word_1_158' title='bbox 829 3763 1157 3829; x_wconf 83' lang='lat' dir='ltr'>„Apollodori</span> <span class='ocrx_word' id='word_1_159' title='bbox 1191 3765 1525 3818; x_wconf 78' lang='lat' dir='ltr'>bibliothooa“</span> <span class='ocrx_word' id='word_1_160' title='bbox 1570 3765 1830 3831; x_wconf 69' lang='lat' dir='ltr'>Goetting.</span> <span class='ocrx_word' id='word_1_161' title='bbox 1860 3763 2013 3817; x_wconf 82' lang='lat'><strong>1803.</strong></span> 
     </span>
     <span class='ocr_line' id='line_1_23' title="bbox 557 3849 1923 3918; baseline 0.001 -17"><span class='ocrx_word' id='word_1_162' title='bbox 557 3849 813 3902; x_wconf 76' lang='lat' dir='ltr'>Clavierus</span> <span class='ocrx_word' id='word_1_163' title='bbox 854 3850 1181 3918; x_wconf 85' lang='lat' dir='ltr'>„Apollodori</span> <span class='ocrx_word' id='word_1_164' title='bbox 1216 3852 1550 3905; x_wconf 79' lang='lat' dir='ltr'>bibliotheca“</span> <span class='ocrx_word' id='word_1_165' title='bbox 1591 3852 1739 3904; x_wconf 77' lang='lat' dir='ltr'>Paris</span> <span class='ocrx_word' id='word_1_166' title='bbox 1769 3851 1923 3904; x_wconf 86' lang='lat'>1805.</span> 
     </span>
    </p>

    <p class='ocr_par' dir='ltr' id='par_1_5' title="bbox 554 3936 1649 4007">
     <span class='ocr_line' id='line_1_24' title="bbox 554 3936 1649 4007; baseline 0.002 -18"><span class='ocrx_word' id='word_1_167' title='bbox 554 3936 795 3990; x_wconf 81' lang='lat' dir='ltr'>Weloker</span> <span class='ocrx_word' id='word_1_168' title='bbox 836 3938 1071 4005; x_wconf 59' lang='lat' dir='ltr'>„Episoln</span> <span class='ocrx_word' id='word_1_169' title='bbox 1096 3940 1265 4006; x_wconf 57' lang='lat' dir='ltr'>(2501st</span> <span class='ocrx_word' id='word_1_170' title='bbox 1306 3957 1426 4007; x_wconf 70' lang='lat' dir='ltr'>pag.</span> <span class='ocrx_word' id='word_1_171' title='bbox 1443 3939 1517 3992; x_wconf 85' lang='lat'>80</span> <span class='ocrx_word' id='word_1_172' title='bbox 1540 3956 1649 4006; x_wconf 87' lang='lat' dir='ltr'>sqq.</span> 
     </span>
    </p>
   </div>
  </div>
 </body>
</html>
