2969 4676
1523 369 1565 434 4

521 546 870 614 centesimos
890 545 1375 631 quadragesimo
1402 549 1630 630 quarto
1660 545 1967 613 floruisse.
2017 544 2189 612 Haec
2216 545 2350 612 fere
2381 548 2551 628 sunt,

522 680 681 747 quae
727 662 813 727 de·
850 660 1234 747 Apollodoro
1288 661 1645 726 traduntur.
1727 660 1877 726 Fuit
1919 661 2116 744 igitur
2158 654 2550 747 temporibus

519 777 672 861 illis,
719 778 946 862 quibus
987 775 1282 859 Pergami
1327 780 1392 841 et
1420 774 1847 843 Alexandriae
1893 752 2145 859 regibus
2192 776 2552 843 auctoribus

520 892 995 977 fautoribusque
1058 892 1322 958 summis
1367 892 1639 974 ingeniis
1685 911 2054 976 summaque
2100 891 2385 958 doctrina
2429 891 2553 957 viri

496 1008 750 1091 ⁴studiis
794 1007 1150 1097 litterisque
1197 1007 1393 1073 dediti
1437 1007 1711 1073 fuerunt.
1792 1007 2002 1092 Atque
2047 1006 2103 1072 si
2140 1006 2212 1074 ‚in
2259 1006 2552 1073 doetissi-

403 1112 407 1116 ’
522 1142 770 1188 morum
826 1122 1002 1188 illius
1057 1122 1304 1188 aetatis'
1329 1122 1611 1188 virorum
1655 1142 1918 1188 numero
1965 1142 2109 1188 eum
2154 1121 2553 1188 referendum

524 1258 661 1304 esse
708 1239 1178 1321 existimamuS,
1234 1242 1450 1303 nostro
1488 1237 1634 1320 jure
1677 1237 1883 1304 facere
1928 1237 2239 1320 videmur,
2283 1256 2427 1303 cum
2473 1232 2554 1303 ab

523 1352 801 1421 Auctore
838 1353 1054 1420 libelli
1100 1353 1178 1418 de
1222 1350 1503 1434 Allegor.
1548 1352 1804 1419 Homer.
1848 1352 2073 1435 fragm.
2110 1354 2147 1418 7
2195 1352 2556 1419 nominetur
2613 1389 2619 1395 ·

418 1480 433 1495 ⁸
524 1463 563 1531 ὁ
607 1473 752 1553 περὶ
798 1470 1028 1557 πᾶσαν
1062 1465 1350 1553 ἱστορίαν
1396 1467 1634 1543 δεινός.

526 1612 531 1625 ·
656 1581 824 1647 Eum
874 1617 954 1628 -—-
1002 1588 1075 1648 ut
1119 1583 1397 1668 prudens
1442 1600 1655 1647 rerum
1703 1581 2051 1668 explicator
2085 1582 2207 1647 fuit
2238 1616 2321 1627 -—-
2355 1581 2557 1647 multa

524 1697 854 1782 scripsisse
914 1701 1178 1762 constat.
1263 1695 1388 1763 Sed
1447 1716 1608 1781 quae
1666 1696 1989 1781 scripserit
2045 1716 2325 1781 quosque
2375 1695 2557 1762 libris

524 1810 742 1877 titulos
787 1812 1184 1896 imposuerit,
1232 1811 1531 1896 quaestio.
1563 1815 1660 1877 est
1702 1831 1828 1876 non
1859 1811 2063 1877 facilis
2097 1812 2177 1877 ad
2208 1811 2556 1894 dijudican-

525 1926 696 1992 dum.
767 1925 1160 2010 Quamquam
1207 1927 1374 1992 enim
1421 1925 1722 2011 permulti
1768 1926 1938 1991 tituli
1986 1927 2052 1991 in
2083 1931 2364 1994 veterum
2406 1945 2556 2012 ope-

524 2041 701 2107 ribus
747 2032 1139 2124 scholiisque·
1167 2040 1531 2122 laudantur,
1576 2043 1650 2105 ut
1690 2038 2116 2125 Apollodorus
2161 2041 2386 2123 viginti
2424 2041 2558 2106 fere

527 2162 721 2240 opera
776 2155 1203 2240 composuisse
1249 2154 1574 2237 videatur,
1632 2155 1979 2220 cavendum
2035 2142 2250 2221 tamen
2296 2159 2423 2240 est,
2477 2174 2559 2221 ne

528 2270 762 2355 omnia,
809 2290 971 2356 quae
1013 2269 1387 2356 Apollodori
1434 2290 1666 2335 nomen
1709 2269 1938 2355 ferant,
1985 2270 2391 2336 Atheniensis
2423 2289 2559 2336 esse

528 2388 981 2452 existimemus.
1053 2384 1238 2450 Multi
1284 2386 1453 2451 enim
1502 2390 1833 2469 praeterea
1879 2386 1988 2451 alii
2032 2385 2403 2471 Apollodori
2449 2405 2558 2451 ex-

528 2502 847 2583 stiterunt,
895 2500 1004 2585 qui
1050 2501 1281 2584 partim
1328 2501 1396 2565 in
1435 2499 1686 2583 iisdem,
1733 2501 1960 2584 quibus
1999 2500 2099 2566 hic
2128 2500 2559 2584 Athenien818,

528 2615 755 2682 studiis
800 2616 1034 2681 versati
1089 2615 1324 2700 partim
1371 2616 1624 2681 omnino
1679 2615 1870 2681 alieni
1917 2635 1985 2681 se
2038 2614 2117 2680 ad
2164 2614 2560 2682 scribendum

396 2777 409 2784 -
528 2731 884 2798 conferrent
930 2732 1290 2817 scriptaque
1335 2732 1783 2815 relinquerent.
1861 2729 1995 2807 Quo
2040 2729 2278 2795 factum
2325 2736 2443 2814 est,
2489 2736 2561 2795 ut

529 2867 655 2912 non
701 2846 927 2930 solum,
972 2865 1133 2930 quae
1179 2847 1256 2913 ab
1302 2844 1431 2911 illis
1477 2847 1715 2931 scripta
1746 2849 1914 2929 sunt,
1961 2845 2129 2928 huic,
2177 2845 2286 2929 qui
2322 2844 2561 2927 majore

531 2962 904 3026 auctoritate
951 2965 1087 3027 erat
1104 3010 1122 3044 ,
1180 2960 1721 3043 adjudicarentur,
1779 2960 1889 3026 sed
1946 2960 2136 3026 etiam
2151 3008 2169 3042 ,
2224 2965 2298 3024 ut
2341 2963 2562 3044 postea

533 3075 1134 3159 demonstrabimus,
1180 3075 1424 3141 incuria
1468 3075 1869 3143 librariorum
1916 3093 2031 3162 pro
2079 3073 2401 3159 Apollonii
2445 3092 2560 3139 no-

533 3190 702 3256 mine
745 3189 1118 3274 Apollodori
1173 3210 1401 3257 nomen
1457 3195 1820 3278 poneretur.
1912 3188 2087 3256 Haec
2144 3208 2337 3274 opera
2392 3194 2560 3273 sunt,

535 3325 695 3390 quae
748 3304 1120 3390 Apollodori
1174 3306 1428 3373 nomine
1483 3306 1772 3392 apposito
1833 3305 1903 3371 in
1966 3310 2247 3372 veterum
2306 3304 2561 3391 scriptis

536 3420 912 3505 scholiisque
956 3420 1313 3488 laudantur.

675 3538 734 3600 1.
779 3533 1173 3621 βιβλιοθήκῃ
1690 3536 1755 3601 4.
1805 3536 2101 3615 σύνταξις
2144 3532 2411 3621 χρονική

671 3651 734 3717 2.
780 3656 927 3735 περὶ
956 3651 1136 3716 θεῶν
1692 3652 1755 3718 5.
1805 3656 1951 3737 περὶ
1993 3652 2177 3718 νεῶν.

673 3767 735 3831 3.
783 3771 928 3850 περὶ
994 3766 1107 3851 γῆς
1166 3765 1300 3831 sive
1360 3766 1584 3853 περιή-
1693 3768 1756 3833 6.
1804 3763 1949 3852 περὶ
1993 3765 2423 3849 ἐτυμολογιῶν

779 3897 976 3965 γησις.
1695 3882 1757 3946 7.
1806 3885 1952 3966 περὶ
1994 3884 2337 3967 κρατῆρος,

2935 356 2945 985 A&
2919 0 2945 339 ξξτῌ
