2969 4676
1414 358 1495 421 15

442 538 537 601 est
581 533 866 618 χρονικά,
911 531 1320 615 demonstret,
1344 532 1600 615 nescio,
1647 552 1751 615 an,
1783 530 1959 618 'quae
2005 537 2104 601 est
2146 553 2293 603 mea
2317 554 2463 603 sen-

438 649 673 731 tentia,
731 667 804 713 eo
864 664 1108 731 quoque
1167 646 1336 729 loco,
1393 666 1517 730 quo
1559 645 1940 732 Cyzicenum
1984 646 2299 730 Diogenes
2351 648 2462 719 do-

436 768 683 831 centem
699 811 717 844 ‚
773 761 1204 831 Democritum
1250 759 1535 829 Philoleo
1592 762 1918 846 aequalem
1961 762 2193 845 fuisse,
2250 763 2463 847 faciat,

440 894 556 963 pro
592 878 809 960 gentili
843 878 1097 945 nomine
1131 873 1473 960 Κυζικηνὸς
1514 873 1869 961 Ἀθηνατυς
1899 877 2328 962 reponendum
2360 877 2461 945 sit.

439 991 616 1071 Quod
671 998 744 1058 ut
804 997 1075 1061 statuam
1094 1041 1114 1074 ‚
1172 1010 1244 1057 eo
1291 990 1493 1072 magis
1539 1010 1830 1072 moveor,
1885 992 2053 1075 quod
2098 991 2463 1061 Athenaeus

440 1107 820 1193 Cyzicenum
867 1112 1123 1192 poetam
1168 1106 1363 1173 fuisse
1408 1105 1625 1173 tradit.
1765 1190 1772 1197 ι

554 1222 771 1289 .Venio
796 1241 969 1288 nunc
990 1222 1071 1289 ad
1095 1220 1550 1306 Apollodorum
1575 1220 1966 1293 Doriensem.
2015 1220 2339 1291 Laudatur
2357 1222 2465 1291 ille

438 1339 507 1405 in
536 1337 806 1405 Scholiis
837 1337 917 1402 ad
939 1336 1249 1411 Theocrit.
1275 1334 1528 1421 Idyll.1‚
1555 1333 1633 1403 V.
1651 1337 1768 1403 52:
1816 1333 2196 1419 ἄνθέρικος·
2224 1334 2465 1405 Ἀπολ-

440 1450 733 1536 λόδωρας
780 1452 854 1517 δὲ
884 1444 920 1517 ὅ
954 1452 1239 1533 Δωριεύς
1268 1465 1467 1535 φησιν
1507 1447 1591 1513 οὔ
1620 1450 1931 1529 λέγεσθαι
1965 1449 2077 1519 τὸν
2105 1442 2463 1537 τῆςᾱσφο-

333 1556 340 1563 ’
440 1567 637 1633 δόλου
679 1563 942 1633 καυλόν.
999 1565 1102 1631 Ex
1144 1564 1371 1649 quibus
1404 1564 1612 1633 verbis
1641 1564 1708 1629 in
1740 1565 2099 1633 nominibus
2128 1565 2463 1635 verborum

437 1681 929 1767 interpretandis
974 1699 1233 1766 operam
1260 1678 1447 1745 illum
1472 1680 1937 1765 consumpsisse
1966 1681 2422 1763 cognoscimus.

574 1796 1097 1863 Dissertationem
1150 1795 1230 1861 de
1273 1794 1541 1859 diversis
1585 1792 1989 1878 Apollodoris
2035 1796 2464 1876 grammaticis

436 1912 793 1979 institutam
836 1928 985 1979 cum
1019 1909 1154 1992 Jam
1200 1909 1281 1975 ad
1324 1907 1690 1975 umbilicum
1732 1907 2201 1992 adduxerimus,
2245 1910 2465 1995 paucis

438 2026 645 2093 verbis
690 2045 789 2108 ea,
834 2036 993 2109 quae
1039 2023 1568 2093 demonstravisse
1614 2022 1794 2091 nobis
1837 2041 1954 2091 nos
2001 2023 2310 2109 videmur,
2362 2044 2464 2092 re-

439 2147 655 2226 petere
675 2140 878 2222 Juvat.
935 2139 1279 2209 Docuimus
1300 2137 1757 2224 Apollodorum
1791 2137 2183 2222 Cyrenaeum
2214 2144 2279 2205 et
2308 2139 2464 2209 Tar-

440 2274 685 2323 sensem
754 2253 1197 2336 grammaticos
1263 2252 1461 2321 fuisse
1523 2256 1934 2340 ⁸versatosque
2001 2253 2069 2319 in
2130 2254 2464 2321 verborum

438 2371 795 2438 nominibus
842 2368 1261 2454 explicandis:
1316 2368 1889 2438 demonstravimus
1931 2368 2257 2454 nonnulla,
2304 2389 2464 2455 quae

438 2486 506 2552 in
552 2485 804 2576 solionis
850 2491 913 2551 et
950 2484 1386 2569 Etymologico
1414 2481 1647 2564 Magno
1676 2482 2059 2568 Apollodoro
2091 2484 2463 2554 Atheniensi

436 2600 797 2682 adjudicata
861 2605 1071 2666 essent
1084 2646 1104 2680 ‚
1174 2603 1283 2664 aut
1339 2596 1710 2683 Apollodori
1779 2597 2086 2683 Cyrenaei
2151 2619 2290 2668 esse
2356 2606 2466 2666 aut

439 2713 807 2800 Apollodori
855 2713 1201 2782 Tarsensis.
1269 2711 1369 2778 Ex
1416 2711 1518 2777 his
1563 2710 1864 2796 efficitur,
1909 2718 1980 2778 ut
2024 2712 2152 2778 alia
2194 2733 2463 2798 quoque,

441 2848 601 2913 quae
630 2828 1000 2914 Apollodori
1046 2846 1274 2895 nomen
1318 2827 1542 2910 gentili
1588 2846 1713 2894 non
1760 2828 2066 2912 apposito·
2085 2827 2314 2912 ferant,
2357 2848 2463 2896 ac-

441 2943 805 3010 cedentibus
836 2942 979 3010 aliis
1005 2943 1242 3009 caussis
1265 2941 1638 3028 Apollodori
1659 2941 2066 3009 Atheniensis
2098 2962 2234 3010 esse
2263 2944 2469 3027 possit

441 3058 680 3140 negari.
746 3057 967 3126 Restat
1006 3077 1198 3140 nunc,
1243 3063 1315 3122 ut
1358 3058 1860 3126 demonstremus
1906 3076 2192 3142 operum,
2238 3058 2465 3142 quibus

440 3172 817 3258 Apollodori
864 3191 1099 3240 nomen
1152 3171 1374 3253 gentili
1428 3192 1554 3238 non
1612 3172 1901 3257 apposito
1945 3172 2316 3257 impositum
2359 3173 2464 3257 sit,

438 3286 567 3356 alia
595 3287 677 3356 ab
706 3286 847 3354 aliis
876 3286 1300 3373 Apollodoris‚
1347 3285 1473 3353 alia
1502 3287 1580 3354 ab
1609 3286 1964 3372 Apolloniis
1994 3287 2275 3356 confecta
2304 3307 2461 3355 esse.

575 3402 786 3486 Atque
840 3402 1118 3490 primum
1172 3401 1424 3485 quidem
1481 3402 1562 3468 de
1605 3421 1795 3486 opere
1839 3401 2212 3487 Apollodori
2256 3402 2463 3486 cujus-

438 3516 610 3599 dam,
656 3535 781 3601 quo
822 3533 926 3584 res
954 3515 1285 3584 Parthicae
1315 3521 1711 3599 enarrantur,
1758 3535 1962 3600 pauca
1996 3514 2274 3584 afferam.
2329 3514 2463 3584 Me-

442 3635 724 3698 moratur
767 3629 877 3698 ille
921 3630 1001 3698 ab
1044 3630 1369 3699 Athenmo
1386 3627 1465 3715 ¹),
1522 3629 1832 3700 Strabone
1843 3627 1918 3714 ²),
1974 3629 2292 3717 Stephano
2335 3629 2462 3716 By-

550 3786 592 3849 ¹)
640 3786 935 3837 Athenaeus
960 3785 1078 3846 XV,
1116 3786 1261 3852 Capt.
1285 3786 1371 3840 29.

548 3871 592 3937 ¹)
641 3871 824 3926 Strabo
846 3874 915 3935 11,
946 3872 1062 3925 118.
1098 3873 1191 3936 xl,
1216 3873 1338 3926 509.
1363 3873 1486 3926 514.
1511 3874 1635 3928 516.
1659 3875 1783 3929 524.
1816 3875 1936 3940 XV,
1957 3873 2082 3928 686.
